%% This BibTeX bibliography file was created using BibDesk.
%% http://bibdesk.sourceforge.net/

%% Created for Jaewon Song at 2018-01-29 11:02:04 -0800 


%% Saved with string encoding Unicode (UTF-8)

@misc{CHAMPS,
	author = {CHAMPS-Kaggle},
	title = {{Predicting Molecular Properties}},
	howpublished = "\url{https://www.kaggle.com/c/champs-scalar-coupling}"
}


@misc{Rubin,
	author = {Yves Rubin},
	title = {{Coupling	constants	for	${}^1$H	and	${}^{13}$C	NMR}},
	howpublished = "\url{https://yvesrubin.files.wordpress.com/2011/03/coupling-constants-for-1h-and-13c-nmr.pdf}"
}

@misc{Reich,
	author = {Hans J. Reich},
	title = {{Spin-Spin Splitting: J-Coupling}},
	howpublished = "\url{https://www.chem.wisc.edu/areas/reich/nmr/05-hmr-03-jcoupl.htm/}"
}

@article{HANSEN1981175,
	title = "Carbon—hydrogen spin—spin coupling constants",
	journal = "Progress in Nuclear Magnetic Resonance Spectroscopy",
	volume = "14",
	number = "4",
	pages = "175 - 295",
	year = "1981",
	issn = "0079-6565",
	doi = "https://doi.org/10.1016/0079-6565(81)80001-5",
	url = "http://www.sciencedirect.com/science/article/pii/0079656581800015",
	author = "Poul Erik Hansen"
}




@article{Gang:2013sqa,
	author         = "Gang, Dongmin and Koh, Eunkyung and Lee, Sangmin and
	Park, Jaemo",
	title          = "{Superconformal Index and 3d-3d Correspondence for
	Mapping Cylinder/Torus}",
	journal        = "JHEP",
	volume         = "01",
	year           = "2014",
	pages          = "063",
	doi            = "10.1007/JHEP01(2014)063",
	eprint         = "1305.0937",
	archivePrefix  = "arXiv",
	primaryClass   = "hep-th",
	SLACcitation   = "%%CITATION = ARXIV:1305.0937;%%"
}

@article{Gang:2012ff,
	author         = "Gang, Dongmin and Koh, Eunkyung and Lee, Kimyeong",
	title          = "{Superconformal Index with Duality Domain Wall}",
	journal        = "JHEP",
	volume         = "10",
	year           = "2012",
	pages          = "187",
	doi            = "10.1007/JHEP10(2012)187",
	eprint         = "1205.0069",
	archivePrefix  = "arXiv",
	primaryClass   = "hep-th",
	reportNumber   = "KIAS-P12023",
	SLACcitation   = "%%CITATION = ARXIV:1205.0069;%%"
}



@article{Teschner:2012em,
	author         = "Teschner, Jörg and Vartanov, Grigory",
	title          = "{6j symbols for the modular double, quantum hyperbolic
	geometry, and supersymmetric gauge theories}",
	journal        = "Lett. Math. Phys.",
	volume         = "104",
	year           = "2014",
	pages          = "527-551",
	doi            = "10.1007/s11005-014-0684-3",
	eprint         = "1202.4698",
	archivePrefix  = "arXiv",
	primaryClass   = "hep-th",
	reportNumber   = "DESY-12-035",
	SLACcitation   = "%%CITATION = ARXIV:1202.4698;%%"
}

@article{Nii:2014jsa,
	author         = "Nii, Keita",
	title          = "{3d duality with adjoint matter from 4d duality}",
	journal        = "JHEP",
	volume         = "02",
	year           = "2015",
	pages          = "024",
	doi            = "10.1007/JHEP02(2015)024",
	eprint         = "1409.3230",
	archivePrefix  = "arXiv",
	primaryClass   = "hep-th",
	SLACcitation   = "%%CITATION = ARXIV:1409.3230;%%"
}

@article{Buican:2017uka,
	author         = "Buican, Matthew and Nishinaka, Takahiro",
	title          = "{On Irregular Singularity Wave Functions and
	Superconformal Indices}",
	journal        = "JHEP",
	volume         = "09",
	year           = "2017",
	pages          = "066",
	doi            = "10.1007/JHEP09(2017)066",
	eprint         = "1705.07173",
	archivePrefix  = "arXiv",
	primaryClass   = "hep-th",
	reportNumber   = "QMUL-PH-17-XX",
	SLACcitation   = "%%CITATION = ARXIV:1705.07173;%%"
}



@article{Beem:2017ooy,
	author         = "Beem, Christopher and Rastelli, Leonardo",
	title          = "{Vertex operator algebras, Higgs branches, and modular
	differential equations}",
	journal        = "JHEP",
	volume         = "08",
	year           = "2018",
	pages          = "114",
	doi            = "10.1007/JHEP08(2018)114",
	eprint         = "1707.07679",
	archivePrefix  = "arXiv",
	primaryClass   = "hep-th",
	reportNumber   = "YITP-SB-17-27",
	SLACcitation   = "%%CITATION = ARXIV:1707.07679;%%"
}

@article{Song:2017oew,
	author         = "Song, Jaewon and Xie, Dan and Yan, Wenbin",
	title          = "{Vertex operator algebras of Argyres-Douglas theories
	from M5-branes}",
	journal        = "JHEP",
	volume         = "12",
	year           = "2017",
	pages          = "123",
	doi            = "10.1007/JHEP12(2017)123",
	eprint         = "1706.01607",
	archivePrefix  = "arXiv",
	primaryClass   = "hep-th",
	reportNumber   = "KIAS-P17032",
	SLACcitation   = "%%CITATION = ARXIV:1706.01607;%%"
}




@article{Apruzzi:2018xkw,
	author         = "Apruzzi, Fabio and Hassler, Falk and Heckman, Jonathan J.
	and Rochais, Thomas B.",
	title          = "{Nilpotent Networks and 4D RG Flows}",
	year           = "2018",
	eprint         = "1808.10439",
	archivePrefix  = "arXiv",
	primaryClass   = "hep-th",
	SLACcitation   = "%%CITATION = ARXIV:1808.10439;%%"
}

@article{Carta:2018qke,
	author         = "Carta, Federico and Giacomelli, Simone and Savelli,
	Raffaele",
	title          = "{SUSY enhancement from T-branes}",
	year           = "2018",
	eprint         = "1809.04906",
	archivePrefix  = "arXiv",
	primaryClass   = "hep-th",
	SLACcitation   = "%%CITATION = ARXIV:1809.04906;%%"
}

@article{Giacomelli:2018ziv,
	author         = "Giacomelli, Simone",
	title          = "{Infrared enhancement of supersymmetry in four
	dimensions}",
	year           = "2018",
	eprint         = "1808.00592",
	archivePrefix  = "arXiv",
	primaryClass   = "hep-th",
	SLACcitation   = "%%CITATION = ARXIV:1808.00592;%%"
}


@article{Fazzi:2016eec,
	author         = "Fazzi, Marco and Giacomelli, Simone",
	title          = "{$\mathcal{N} = 1$ superconformal theories with $D_N$
	blocks}",
	journal        = "Phys. Rev.",
	volume         = "D95",
	year           = "2017",
	number         = "8",
	pages          = "085010",
	doi            = "10.1103/PhysRevD.95.085010",
	eprint         = "1609.08156",
	archivePrefix  = "arXiv",
	primaryClass   = "hep-th",
	SLACcitation   = "%%CITATION = ARXIV:1609.08156;%%"
}

@article{Nardoni:2016ffl,
	author         = "Nardoni, Emily",
	title          = "{4d SCFTs from negative-degree line bundles}",
	journal        = "JHEP",
	volume         = "08",
	year           = "2018",
	pages          = "199",
	doi            = "10.1007/JHEP08(2018)199",
	eprint         = "1611.01229",
	archivePrefix  = "arXiv",
	primaryClass   = "hep-th",
	SLACcitation   = "%%CITATION = ARXIV:1611.01229;%%"
}

@article{Xie:2013gma,
	author         = "Xie, Dan",
	title          = "{M5 brane and four dimensional N = 1 theories I}",
	journal        = "JHEP",
	volume         = "04",
	year           = "2014",
	pages          = "154",
	doi            = "10.1007/JHEP04(2014)154",
	eprint         = "1307.5877",
	archivePrefix  = "arXiv",
	primaryClass   = "hep-th",
	SLACcitation   = "%%CITATION = ARXIV:1307.5877;%%"
}

@article{Bah:2012dg,
	author         = "Bah, Ibrahima and Beem, Christopher and Bobev, Nikolay
	and Wecht, Brian",
	title          = "{Four-Dimensional SCFTs from M5-Branes}",
	journal        = "JHEP",
	volume         = "06",
	year           = "2012",
	pages          = "005",
	doi            = "10.1007/JHEP06(2012)005",
	eprint         = "1203.0303",
	archivePrefix  = "arXiv",
	primaryClass   = "hep-th",
	reportNumber   = "MCTP-12-05, QMUL-PH-12-05",
	SLACcitation   = "%%CITATION = ARXIV:1203.0303;%%"
}

@article{Benini:2009mz,
author         = "Benini, Francesco and Tachikawa, Yuji and Wecht, Brian",
title          = "{Sicilian gauge theories and N=1 dualities}",
journal        = "JHEP",
volume         = "01",
year           = "2010",
pages          = "088",
doi            = "10.1007/JHEP01(2010)088",
eprint         = "0909.1327",
archivePrefix  = "arXiv",
primaryClass   = "hep-th",
reportNumber   = "PUTP-2312",
SLACcitation   = "%%CITATION = ARXIV:0909.1327;%%"
}



@article{Bah:2013aha,
	author         = "Bah, Ibrahima and Bobev, Nikolay",
	title          = "{Linear quivers and $ \mathcal{N} $ = 1 SCFTs from
	M5-branes}",
	journal        = "JHEP",
	volume         = "08",
	year           = "2014",
	pages          = "121",
	doi            = "10.1007/JHEP08(2014)121",
	eprint         = "1307.7104",
	archivePrefix  = "arXiv",
	primaryClass   = "hep-th",
	SLACcitation   = "%%CITATION = ARXIV:1307.7104;%%"
}

@article{Benini:2010uu,
	author         = "Benini, Francesco and Tachikawa, Yuji and Xie, Dan",
	title          = "{Mirrors of 3d Sicilian theories}",
	journal        = "JHEP",
	volume         = "09",
	year           = "2010",
	pages          = "063",
	doi            = "10.1007/JHEP09(2010)063",
	eprint         = "1007.0992",
	archivePrefix  = "arXiv",
	primaryClass   = "hep-th",
	reportNumber   = "MIFPA-10-27, PUTP-2344",
	SLACcitation   = "%%CITATION = ARXIV:1007.0992;%%"
}

@ARTICLE{2008arXiv0806.1050B,
	author = {{Boalch}, P.},
	title = "{Irregular connections and Kac-Moody root systems}",
	journal = {ArXiv e-prints},
	archivePrefix = "arXiv",
	eprint = {0806.1050},
	primaryClass = "math.DG",
	keywords = {Mathematics - Differential Geometry},
	year = 2008,
	month = jun,
	adsurl = {http://adsabs.harvard.edu/abs/2008arXiv0806.1050B},
	adsnote = {Provided by the SAO/NASA Astrophysics Data System}
}

@article{Nanopoulos:2010bv,
	author         = "Nanopoulos, Dimitri and Xie, Dan",
	title          = "{More Three Dimensional Mirror Pairs}",
	journal        = "JHEP",
	volume         = "05",
	year           = "2011",
	pages          = "071",
	doi            = "10.1007/JHEP05(2011)071",
	eprint         = "1011.1911",
	archivePrefix  = "arXiv",
	primaryClass   = "hep-th",
	reportNumber   = "MIFPA-10-51",
	SLACcitation   = "%%CITATION = ARXIV:1011.1911;%%"
}

@article{Agarwal:2018ejn,
	author         = "Agarwal, Prarit and Maruyoshi, Kazunobu and Song, Jaewon",
	title          = "{A “Lagrangian” for the E$_{7}$ superconformal
	theory}",
	journal        = "JHEP",
	volume         = "05",
	year           = "2018",
	pages          = "193",
	doi            = "10.1007/JHEP05(2018)193",
	eprint         = "1802.05268",
	archivePrefix  = "arXiv",
	primaryClass   = "hep-th",
	reportNumber   = "SNUTP18-001, KIAS-18001, KIAS-P18021",
	SLACcitation   = "%%CITATION = ARXIV:1802.05268;%%"
}

@article{Fluder:2017oxm,
	author         = "Fluder, Martin and Song, Jaewon",
	title          = "{Four-dimensional Lens Space Index from Two-dimensional
	Chiral Algebra}",
	journal        = "JHEP",
	volume         = "07",
	year           = "2018",
	pages          = "073",
	doi            = "10.1007/JHEP07(2018)073",
	eprint         = "1710.06029",
	archivePrefix  = "arXiv",
	primaryClass   = "hep-th",
	SLACcitation   = "%%CITATION = ARXIV:1710.06029;%%"
}

@article{Dedushenko:2018bpp,
	author         = "Dedushenko, Mykola and Gukov, Sergei and Nakajima, Hiraku
	and Pei, Du and Ye, Ke",
	title          = "{3d TQFTs from Argyres-Douglas theories}",
	year           = "2018",
	eprint         = "1809.04638",
	archivePrefix  = "arXiv",
	primaryClass   = "hep-th",
	reportNumber   = "CALT-TH-2018-033",
	SLACcitation   = "%%CITATION = ARXIV:1809.04638;%%"
}

@article{Gukov:2017zao,
	author         = "Gukov, Sergei",
	title          = "{Trisecting non-Lagrangian theories}",
	journal        = "JHEP",
	volume         = "11",
	year           = "2017",
	pages          = "178",
	doi            = "10.1007/JHEP11(2017)178",
	eprint         = "1707.01515",
	archivePrefix  = "arXiv",
	primaryClass   = "hep-th",
	SLACcitation   = "%%CITATION = ARXIV:1707.01515;%%"
}

@article{Cornagliotto:2017snu,
	author         = "Cornagliotto, Martina and Lemos, Madalena and Liendo,
	Pedro",
	title          = "{Bootstrapping the $(A_1,A_2)$ Argyres-Douglas theory}",
	journal        = "JHEP",
	volume         = "03",
	year           = "2018",
	pages          = "033",
	doi            = "10.1007/JHEP03(2018)033",
	eprint         = "1711.00016",
	archivePrefix  = "arXiv",
	primaryClass   = "hep-th",
	reportNumber   = "DESY-17-175",
	SLACcitation   = "%%CITATION = ARXIV:1711.00016;%%"
}

@article{Cordova:2017mhb,
	author         = "Cordova, Clay and Gaiotto, Davide and Shao, Shu-Heng",
	title          = "{Surface Defects and Chiral Algebras}",
	journal        = "JHEP",
	volume         = "05",
	year           = "2017",
	pages          = "140",
	doi            = "10.1007/JHEP05(2017)140",
	eprint         = "1704.01955",
	archivePrefix  = "arXiv",
	primaryClass   = "hep-th",
	SLACcitation   = "%%CITATION = ARXIV:1704.01955;%%"
}

@article{Caorsi:2018zsq,
	author         = "Caorsi, Matteo and Cecotti, Sergio",
	title          = "{Geometric classification of 4d $\mathcal{N}=2$ SCFTs}",
	journal        = "JHEP",
	volume         = "07",
	year           = "2018",
	pages          = "138",
	doi            = "10.1007/JHEP07(2018)138",
	eprint         = "1801.04542",
	archivePrefix  = "arXiv",
	primaryClass   = "hep-th",
	SLACcitation   = "%%CITATION = ARXIV:1801.04542;%%"
}

@article{Chen:2017wkw,
	author         = "Chen, Bingyi and Xie, Dan and Yau, Stephen S. -T. and
	Yau, Shing-Tung and Zuo, Huaiqing",
	title          = "{4d N=2 SCFT and singularity theory Part III: Rigid
	singularity}",
	year           = "2017",
	eprint         = "1712.00464",
	archivePrefix  = "arXiv",
	primaryClass   = "hep-th",
	SLACcitation   = "%%CITATION = ARXIV:1712.00464;%%"
}


@article{Chen:2016bzh,
	author         = "Chen, Bingyi and Xie, Dan and Yau, Shing-Tung and Yau,
	Stephen S. -T. and Zuo, Huaiqing",
	title          = "{4D $\mathcal{N} = 2$ SCFT and singularity theory. Part
	II: complete intersection}",
	journal        = "Adv. Theor. Math. Phys.",
	volume         = "21",
	year           = "2017",
	pages          = "121-145",
	doi            = "10.4310/ATMP.2017.v21.n1.a2",
	eprint         = "1604.07843",
	archivePrefix  = "arXiv",
	primaryClass   = "hep-th",
	SLACcitation   = "%%CITATION = ARXIV:1604.07843;%%"
}

@article{Xie:2015rpa,
	author         = "Xie, Dan and Yau, Shing-Tung",
	title          = "{4d N=2 SCFT and singularity theory Part I:
	Classification}",
	year           = "2015",
	eprint         = "1510.01324",
	archivePrefix  = "arXiv",
	primaryClass   = "hep-th",
	SLACcitation   = "%%CITATION = ARXIV:1510.01324;%%"
}

@article{Wang:2018gvb,
	author         = "Wang, Yifan and Xie, Dan",
	title          = "{Codimension-two defects and Argyres-Douglas theories
	from outer-automorphism twist in 6d $(2,0)$ theories}",
	year           = "2018",
	eprint         = "1805.08839",
	archivePrefix  = "arXiv",
	primaryClass   = "hep-th",
	reportNumber   = "PUPT-2555",
	SLACcitation   = "%%CITATION = ARXIV:1805.08839;%%"
}

@article{Wang:2016yha,
	author         = "Wang, Yifan and Xie, Dan and Yau, Stephen S. T. and Yau,
	Shing-Tung",
	title          = "{$4d$ $\mathcal{N} = 2$ SCFT from complete intersection
	singularity}",
	journal        = "Adv. Theor. Math. Phys.",
	volume         = "21",
	year           = "2017",
	pages          = "801-855",
	doi            = "10.4310/ATMP.2017.v21.n3.a6",
	eprint         = "1606.06306",
	archivePrefix  = "arXiv",
	primaryClass   = "hep-th",
	SLACcitation   = "%%CITATION = ARXIV:1606.06306;%%"
}


@article{Imamura:2011wg,
	author         = "Imamura, Yosuke and Yokoyama, Daisuke",
	title          = "{N=2 supersymmetric theories on squashed three-sphere}",
	journal        = "Phys. Rev.",
	volume         = "D85",
	year           = "2012",
	pages          = "025015",
	doi            = "10.1103/PhysRevD.85.025015",
	eprint         = "1109.4734",
	archivePrefix  = "arXiv",
	primaryClass   = "hep-th",
	reportNumber   = "TIT-HEP-613",
	SLACcitation   = "%%CITATION = ARXIV:1109.4734;%%"
}

@article{Imamura:2011su,
	author         = "Imamura, Yosuke and Yokoyama, Shuichi",
	title          = "{Index for three dimensional superconformal field
	theories with general R-charge assignments}",
	journal        = "JHEP",
	volume         = "04",
	year           = "2011",
	pages          = "007",
	doi            = "10.1007/JHEP04(2011)007",
	eprint         = "1101.0557",
	archivePrefix  = "arXiv",
	primaryClass   = "hep-th",
	reportNumber   = "UT-11-01, TIT-HEP-607",
	SLACcitation   = "%%CITATION = ARXIV:1101.0557;%%"
}


@article{Bhattacharya:2008zy,
	author         = "Bhattacharya, Jyotirmoy and Bhattacharyya, Sayantani and
	Minwalla, Shiraz and Raju, Suvrat",
	title          = "{Indices for Superconformal Field Theories in 3,5 and 6
	Dimensions}",
	journal        = "JHEP",
	volume         = "02",
	year           = "2008",
	pages          = "064",
	doi            = "10.1088/1126-6708/2008/02/064",
	eprint         = "0801.1435",
	archivePrefix  = "arXiv",
	primaryClass   = "hep-th",
	reportNumber   = "TIFR-TH-08-01, HUTP-08-A0001",
	SLACcitation   = "%%CITATION = ARXIV:0801.1435;%%"
}

@article{Hama:2010av,
	author         = "Hama, Naofumi and Hosomichi, Kazuo and Lee, Sungjay",
	title          = "{Notes on SUSY Gauge Theories on Three-Sphere}",
	journal        = "JHEP",
	volume         = "03",
	year           = "2011",
	pages          = "127",
	doi            = "10.1007/JHEP03(2011)127",
	eprint         = "1012.3512",
	archivePrefix  = "arXiv",
	primaryClass   = "hep-th",
	reportNumber   = "DAMTP-2010-129, YITP-10-100",
	SLACcitation   = "%%CITATION = ARXIV:1012.3512;%%"
}

@article{Hama:2011ea,
	author         = "Hama, Naofumi and Hosomichi, Kazuo and Lee, Sungjay",
	title          = "{SUSY Gauge Theories on Squashed Three-Spheres}",
	journal        = "JHEP",
	volume         = "05",
	year           = "2011",
	pages          = "014",
	doi            = "10.1007/JHEP05(2011)014",
	eprint         = "1102.4716",
	archivePrefix  = "arXiv",
	primaryClass   = "hep-th",
	reportNumber   = "DAMTP-2011-6, YITP-11-1",
	SLACcitation   = "%%CITATION = ARXIV:1102.4716;%%"
}

@article{Kapustin:2009kz,
	author         = "Kapustin, Anton and Willett, Brian and Yaakov, Itamar",
	title          = "{Exact Results for Wilson Loops in Superconformal
	Chern-Simons Theories with Matter}",
	journal        = "JHEP",
	volume         = "03",
	year           = "2010",
	pages          = "089",
	doi            = "10.1007/JHEP03(2010)089",
	eprint         = "0909.4559",
	archivePrefix  = "arXiv",
	primaryClass   = "hep-th",
	reportNumber   = "CALT-68-2750",
	SLACcitation   = "%%CITATION = ARXIV:0909.4559;%%"
}

@article{Jafferis:2010un,
	author         = "Jafferis, Daniel L.",
	title          = "{The Exact Superconformal R-Symmetry Extremizes Z}",
	journal        = "JHEP",
	volume         = "05",
	year           = "2012",
	pages          = "159",
	doi            = "10.1007/JHEP05(2012)159",
	eprint         = "1012.3210",
	archivePrefix  = "arXiv",
	primaryClass   = "hep-th",
	SLACcitation   = "%%CITATION = ARXIV:1012.3210;%%"
}

@article{Kim:2009wb,
	author         = "Kim, Seok",
	title          = "{The Complete superconformal index for N=6 Chern-Simons
	theory}",
	journal        = "Nucl. Phys.",
	volume         = "B821",
	year           = "2009",
	pages          = "241-284",
	doi            = "10.1016/j.nuclphysb.2012.07.015,
	10.1016/j.nuclphysb.2009.06.025",
	note           = "[Erratum: Nucl. Phys.B864,884(2012)]",
	eprint         = "0903.4172",
	archivePrefix  = "arXiv",
	primaryClass   = "hep-th",
	reportNumber   = "IMPERIAL-TP-09-SK-01",
	SLACcitation   = "%%CITATION = ARXIV:0903.4172;%%"
}

@article{Gaiotto:2008ak,
	author         = "Gaiotto, Davide and Witten, Edward",
	title          = "{S-Duality of Boundary Conditions In N=4 Super Yang-Mills
	Theory}",
	journal        = "Adv. Theor. Math. Phys.",
	volume         = "13",
	year           = "2009",
	number         = "3",
	pages          = "721-896",
	doi            = "10.4310/ATMP.2009.v13.n3.a5",
	eprint         = "0807.3720",
	archivePrefix  = "arXiv",
	primaryClass   = "hep-th",
	SLACcitation   = "%%CITATION = ARXIV:0807.3720;%%"
}


@article{Benini:2017dud,
	author         = "Benini, Francesco and Benvenuti, Sergio and Pasquetti,
	Sara",
	title          = "{SUSY monopole potentials in 2+1 dimensions}",
	journal        = "JHEP",
	volume         = "08",
	year           = "2017",
	pages          = "086",
	doi            = "10.1007/JHEP08(2017)086",
	eprint         = "1703.08460",
	archivePrefix  = "arXiv",
	primaryClass   = "hep-th",
	reportNumber   = "SISSA-11-2017-MATE-FISI, 19-2017-FISI",
	SLACcitation   = "%%CITATION = ARXIV:1703.08460;%%"
}

@book{collingwood1993nilpotent,
	title={Nilpotent Orbits In Semisimple Lie Algebra: An Introduction},
	author={Collingwood, D.H. and McGovern, W.M.},
	isbn={9780534188344},
	lccn={lc92030461},
	series={Mathematics series},
	url={https://books.google.co.kr/books?id=9qdwgNmjLEMC},
	year={1993},
	publisher={Taylor \& Francis}
}


@article{Feger:2012bs,
	author         = "Feger, Robert and Kephart, Thomas W.",
	title          = "{LieART—A Mathematica application for Lie algebras and
	representation theory}",
	journal        = "Comput. Phys. Commun.",
	volume         = "192",
	year           = "2015",
	pages          = "166-195",
	doi            = "10.1016/j.cpc.2014.12.023",
	eprint         = "1206.6379",
	archivePrefix  = "arXiv",
	primaryClass   = "math-ph",
	SLACcitation   = "%%CITATION = ARXIV:1206.6379;%%"
}

@article{Cremonesi:2013lqa,
	author         = "Cremonesi, Stefano and Hanany, Amihay and Zaffaroni,
	Alberto",
	title          = "{Monopole operators and Hilbert series of Coulomb
	branches of $3d$  $\mathcal{N} = 4$ gauge theories}",
	journal        = "JHEP",
	volume         = "01",
	year           = "2014",
	pages          = "005",
	doi            = "10.1007/JHEP01(2014)005",
	eprint         = "1309.2657",
	archivePrefix  = "arXiv",
	primaryClass   = "hep-th",
	reportNumber   = "IMPERIAL-TP-13-AH-03",
	SLACcitation   = "%%CITATION = ARXIV:1309.2657;%%"
}

@article{Intriligator:1996ex,
	author         = "Intriligator, Kenneth A. and Seiberg, N.",
	title          = "{Mirror symmetry in three-dimensional gauge theories}",
	journal        = "Phys. Lett.",
	volume         = "B387",
	year           = "1996",
	pages          = "513-519",
	doi            = "10.1016/0370-2693(96)01088-X",
	eprint         = "hep-th/9607207",
	archivePrefix  = "arXiv",
	primaryClass   = "hep-th",
	reportNumber   = "RU-96-63, IASSNS-HEP-96-80",
	SLACcitation   = "%%CITATION = HEP-TH/9607207;%%"
}

@article{Hwang:2012jh,
      author         = "Hwang, Chiung and Kim, Hee-Cheol and Park, Jaemo",
      title          = "{Factorization of the 3d superconformal index}",
      journal        = "JHEP",
      volume         = "08",
      year           = "2014",
      pages          = "018",
      doi            = "10.1007/JHEP08(2014)018",
      eprint         = "1211.6023",
      archivePrefix  = "arXiv",
      primaryClass   = "hep-th",
      SLACcitation   = "%%CITATION = ARXIV:1211.6023;%%"
}

@article{Cremonesi:2013lqa,
	author         = "Cremonesi, Stefano and Hanany, Amihay and Zaffaroni,
	Alberto",
	title          = "{Monopole operators and Hilbert series of Coulomb
	branches of $3d$  $\mathcal{N} = 4$ gauge theories}",
	journal        = "JHEP",
	volume         = "01",
	year           = "2014",
	pages          = "005",
	doi            = "10.1007/JHEP01(2014)005",
	eprint         = "1309.2657",
	archivePrefix  = "arXiv",
	primaryClass   = "hep-th",
	reportNumber   = "IMPERIAL-TP-13-AH-03",
	SLACcitation   = "%%CITATION = ARXIV:1309.2657;%%"
}


@article{Aghaei:2017xqe,
      author         = "Aghaei, Nezhla and Amariti, Antonio and Sekiguchi, Yuta",
      title          = "{Notes on Integral Identities for 3d Supersymmetric
                        Dualities}",
      journal        = "JHEP",
      volume         = "04",
      year           = "2018",
      pages          = "022",
      doi            = "10.1007/JHEP04(2018)022",
      eprint         = "1709.08653",
      archivePrefix  = "arXiv",
      primaryClass   = "hep-th",
      SLACcitation   = "%%CITATION = ARXIV:1709.08653;%%"
}

@article{Benini:2011cma,
      author         = "Benini, Francesco and Closset, Cyril and Cremonesi,
                        Stefano",
      title          = "{Quantum moduli space of Chern-Simons quivers, wrapped
                        D6-branes and AdS4/CFT3}",
      journal        = "JHEP",
      volume         = "09",
      year           = "2011",
      pages          = "005",
      doi            = "10.1007/JHEP09(2011)005",
      eprint         = "1105.2299",
      archivePrefix  = "arXiv",
      primaryClass   = "hep-th",
      reportNumber   = "PUTP-2373, WIS-04-11-MAY-DPPA, TAUP-2928-11",
      SLACcitation   = "%%CITATION = ARXIV:1105.2299;%%"
}

@article{Gadde:2013ftv,
      author         = "Gadde, Abhijit and Gukov, Sergei",
      title          = "{2d Index and Surface operators}",
      journal        = "JHEP",
      volume         = "03",
      year           = "2014",
      pages          = "080",
      doi            = "10.1007/JHEP03(2014)080",
      eprint         = "1305.0266",
      archivePrefix  = "arXiv",
      primaryClass   = "hep-th",
      reportNumber   = "CALT-68.2932",
      SLACcitation   = "%%CITATION = ARXIV:1305.0266;%%"
}

@article{Hanany:2017pdx,
      author         = "Hanany, Amihay and Pini, Alessandro",
      title          = "{HWG for Coulomb branch of $3d$ Sicilian theory mirrors}",
      year           = "2017",
      eprint         = "1707.09784",
      archivePrefix  = "arXiv",
      primaryClass   = "hep-th",
      SLACcitation   = "%%CITATION = ARXIV:1707.09784;%%"
}

@article{Benvenuti:2017bpg,
      author         = "Benvenuti, Sergio and Giacomelli, Simone",
      title          = "{Lagrangians for generalized Argyres-Douglas theories}",
      journal        = "JHEP",
      volume         = "10",
      year           = "2017",
      pages          = "106",
      doi            = "10.1007/JHEP10(2017)106",
      eprint         = "1707.05113",
      archivePrefix  = "arXiv",
      primaryClass   = "hep-th",
      reportNumber   = "SISSA-32-2017-MATE-FISI",
      SLACcitation   = "%%CITATION = ARXIV:1707.05113;%%"
}

@article{Benvenuti:2017kud,
      author         = "Benvenuti, Sergio and Giacomelli, Simone",
      title          = "{Abelianization and sequential confinement in $2+1$
                        dimensions}",
      journal        = "JHEP",
      volume         = "10",
      year           = "2017",
      pages          = "173",
      doi            = "10.1007/JHEP10(2017)173",
      eprint         = "1706.04949",
      archivePrefix  = "arXiv",
      primaryClass   = "hep-th",
      SLACcitation   = "%%CITATION = ARXIV:1706.04949;%%"
}

@article{Benvenuti:2017lle,
      author         = "Benvenuti, Sergio and Giacomelli, Simone",
      title          = "{Supersymmetric gauge theories with decoupled operators
                        and chiral ring stability}",
      journal        = "Phys. Rev. Lett.",
      volume         = "119",
      year           = "2017",
      number         = "25",
      pages          = "251601",
      doi            = "10.1103/PhysRevLett.119.251601",
      eprint         = "1706.02225",
      archivePrefix  = "arXiv",
      primaryClass   = "hep-th",
      SLACcitation   = "%%CITATION = ARXIV:1706.02225;%%"
}

@article{Collinucci:2017bwv,
      author         = "Collinucci, Andres and Giacomelli, Simone and Valandro,
                        Roberto",
      title          = "{T-branes, monopoles and S-duality}",
      journal        = "JHEP",
      volume         = "10",
      year           = "2017",
      pages          = "113",
      doi            = "10.1007/JHEP10(2017)113",
      eprint         = "1703.09238",
      archivePrefix  = "arXiv",
      primaryClass   = "hep-th",
      SLACcitation   = "%%CITATION = ARXIV:1703.09238;%%"
}

@article{Benini:2013xpa,
	Archiveprefix = {arXiv},
	Author = {Benini, Francesco and Eager, Richard and Hori, Kentaro and Tachikawa, Yuji},
	Date-Added = {2018-01-29 19:01:46 +0000},
	Date-Modified = {2018-01-29 19:01:46 +0000},
	Doi = {10.1007/s00220-014-2210-y},
	Eprint = {1308.4896},
	Journal = {Commun. Math. Phys.},
	Number = {3},
	Pages = {1241-1286},
	Primaryclass = {hep-th},
	Reportnumber = {IPMU-13-0146, UT-13-29},
	Slaccitation = {%%CITATION = ARXIV:1308.4896;%%},
	Title = {{Elliptic Genera of 2d ${\mathcal{N}}$ = 2 Gauge Theories}},
	Volume = {333},
	Year = {2015},
	Bdsk-Url-1 = {https://dx.doi.org/10.1007/s00220-014-2210-y}}

@article{DelZotto:2016pvm,
	Archiveprefix = {arXiv},
	Author = {Del Zotto, Michele and Lockhart, Guglielmo},
	Date-Added = {2018-01-29 18:48:25 +0000},
	Date-Modified = {2018-01-29 18:48:25 +0000},
	Doi = {10.1007/JHEP09(2017)081},
	Eprint = {1609.00310},
	Journal = {JHEP},
	Pages = {081},
	Primaryclass = {hep-th},
	Slaccitation = {%%CITATION = ARXIV:1609.00310;%%},
	Title = {{On Exceptional Instanton Strings}},
	Volume = {09},
	Year = {2017},
	Bdsk-Url-1 = {https://dx.doi.org/10.1007/JHEP09(2017)081}}

@article{Keller:2012da,
	Archiveprefix = {arXiv},
	Author = {Keller, Christoph A. and Song, Jaewon},
	Date-Added = {2018-01-29 18:45:49 +0000},
	Date-Modified = {2018-01-29 18:45:49 +0000},
	Doi = {10.1007/JHEP07(2012)085},
	Eprint = {1205.4722},
	Journal = {JHEP},
	Pages = {085},
	Primaryclass = {hep-th},
	Reportnumber = {CALT-68-2872},
	Slaccitation = {%%CITATION = ARXIV:1205.4722;%%},
	Title = {{Counting Exceptional Instantons}},
	Volume = {07},
	Year = {2012},
	Bdsk-Url-1 = {https://dx.doi.org/10.1007/JHEP07(2012)085}}

@article{Benvenuti:2010pq,
	Archiveprefix = {arXiv},
	Author = {Benvenuti, Sergio and Hanany, Amihay and Mekareeya, Noppadol},
	Date-Added = {2018-01-29 18:45:16 +0000},
	Date-Modified = {2018-01-29 18:45:16 +0000},
	Doi = {10.1007/JHEP06(2010)100},
	Eprint = {1005.3026},
	Journal = {JHEP},
	Pages = {100},
	Primaryclass = {hep-th},
	Slaccitation = {%%CITATION = ARXIV:1005.3026;%%},
	Title = {{The Hilbert Series of the One Instanton Moduli Space}},
	Volume = {06},
	Year = {2010},
	Bdsk-Url-1 = {https://dx.doi.org/10.1007/JHEP06(2010)100}}

@article{Keller:2011ek,
	Archiveprefix = {arXiv},
	Author = {Keller, Christoph A. and Mekareeya, Noppadol and Song, Jaewon and Tachikawa, Yuji},
	Date-Added = {2018-01-29 18:45:11 +0000},
	Date-Modified = {2018-01-29 18:45:11 +0000},
	Doi = {10.1007/JHEP03(2012)045},
	Eprint = {1111.5624},
	Journal = {JHEP},
	Pages = {045},
	Primaryclass = {hep-th},
	Reportnumber = {IPMU-11-0191, CALT-68-2855, MPP-2011-130},
	Slaccitation = {%%CITATION = ARXIV:1111.5624;%%},
	Title = {{The ABCDEFG of Instantons and W-algebras}},
	Volume = {03},
	Year = {2012},
	Bdsk-Url-1 = {https://dx.doi.org/10.1007/JHEP03(2012)045}}

@article{SPIRIDONOV200691,
	Author = {Vyacheslav P. Spiridonov and S. Ole Warnaar},
	Date-Added = {2018-01-19 22:43:16 +0000},
	Date-Modified = {2018-01-19 22:43:16 +0000},
	Doi = {https://doi.org/10.1016/j.aim.2005.11.007},
	Issn = {0001-8708},
	Journal = {Advances in Mathematics},
	Keywords = {Elliptic hypergeometric integrals, Beta integrals, Elliptic hypergeometric series},
	Number = {1},
	Pages = {91 - 132},
	Title = {Inversions of integral operators and elliptic beta integrals on root systems},
	Url = {http://www.sciencedirect.com/science/article/pii/S0001870805004032},
	Volume = {207},
	Year = {2006},
	Bdsk-Url-1 = {http://www.sciencedirect.com/science/article/pii/S0001870805004032},
	Bdsk-Url-2 = {https://doi.org/10.1016/j.aim.2005.11.007}}

@article{Agarwal:2014rua,
	Archiveprefix = {arXiv},
	Author = {Agarwal, Prarit and Bah, Ibrahima and Maruyoshi, Kazunobu and Song, Jaewon},
	Date-Added = {2018-01-18 18:34:27 +0000},
	Date-Modified = {2018-01-18 18:34:27 +0000},
	Doi = {10.1007/JHEP03(2015)049},
	Eprint = {1409.1908},
	Journal = {JHEP},
	Pages = {049},
	Primaryclass = {hep-th},
	Reportnumber = {UCSD-PTH-14-04, CALT-TH-2014-155},
	Slaccitation = {%%CITATION = ARXIV:1409.1908;%%},
	Title = {{Quiver tails and $ \mathcal{N}=1 $ SCFTs from M5-branes}},
	Volume = {03},
	Year = {2015},
	Bdsk-Url-1 = {https://dx.doi.org/10.1007/JHEP03(2015)049}}

@article{Putrov:2015jpa,
	Archiveprefix = {arXiv},
	Author = {Putrov, Pavel and Song, Jaewon and Yan, Wenbin},
	Date-Added = {2018-01-18 18:34:23 +0000},
	Date-Modified = {2018-01-18 18:34:23 +0000},
	Doi = {10.1007/JHEP03(2016)185},
	Eprint = {1505.07110},
	Journal = {JHEP},
	Pages = {185},
	Primaryclass = {hep-th},
	Reportnumber = {CALT-TH-2015-027},
	Slaccitation = {%%CITATION = ARXIV:1505.07110;%%},
	Title = {{(0,4) dualities}},
	Volume = {03},
	Year = {2016},
	Bdsk-Url-1 = {https://dx.doi.org/10.1007/JHEP03(2016)185}}

@article{Maruyoshi:2016tqk,
	Archiveprefix = {arXiv},
	Author = {Maruyoshi, Kazunobu and Song, Jaewon},
	Date-Added = {2018-01-18 18:34:19 +0000},
	Date-Modified = {2018-01-18 18:34:19 +0000},
	Doi = {10.1103/PhysRevLett.118.151602},
	Eprint = {1606.05632},
	Journal = {Phys. Rev. Lett.},
	Number = {15},
	Pages = {151602},
	Primaryclass = {hep-th},
	Reportnumber = {IMPERIAL-TP-16-KM-02},
	Slaccitation = {%%CITATION = ARXIV:1606.05632;%%},
	Title = {{Enhancement of Supersymmetry via Renormalization Group Flow and the Superconformal Index}},
	Volume = {118},
	Year = {2017},
	Bdsk-Url-1 = {https://dx.doi.org/10.1103/PhysRevLett.118.151602}}

@article{Maruyoshi:2016aim,
	Archiveprefix = {arXiv},
	Author = {Maruyoshi, Kazunobu and Song, Jaewon},
	Date-Added = {2018-01-18 18:34:15 +0000},
	Date-Modified = {2018-01-18 18:34:15 +0000},
	Doi = {10.1007/JHEP02(2017)075},
	Eprint = {1607.04281},
	Journal = {JHEP},
	Pages = {075},
	Primaryclass = {hep-th},
	Reportnumber = {IMPERIAL-TP-16-KM-03},
	Slaccitation = {%%CITATION = ARXIV:1607.04281;%%},
	Title = {{$ \mathcal{N}=1 $ deformations and RG flows of $ \mathcal{N}=2 $ SCFTs}},
	Volume = {02},
	Year = {2017},
	Bdsk-Url-1 = {https://dx.doi.org/10.1007/JHEP02(2017)075}}

@article{Agarwal:2016pjo,
	Archiveprefix = {arXiv},
	Author = {Agarwal, Prarit and Maruyoshi, Kazunobu and Song, Jaewon},
	Date-Added = {2018-01-18 18:34:13 +0000},
	Date-Modified = {2018-01-18 18:34:13 +0000},
	Doi = {10.1007/JHEP12(2016)103, 10.1007/JHEP04(2017)113},
	Eprint = {1610.05311},
	Journal = {JHEP},
	Note = {[Addendum: JHEP04,113(2017)]},
	Pages = {103},
	Primaryclass = {hep-th},
	Reportnumber = {SNUTP16-006},
	Slaccitation = {%%CITATION = ARXIV:1610.05311;%%},
	Title = {{$ \mathcal{N} $ =1 Deformations and RG flows of $ \mathcal{N} $ =2 SCFTs, part II: non-principal deformations}},
	Volume = {12},
	Year = {2016},
	Bdsk-Url-1 = {https://dx.doi.org/10.1007/JHEP12(2016)103,%2010.1007/JHEP04(2017)113}}

@article{Agarwal:2017roi,
	Archiveprefix = {arXiv},
	Author = {Agarwal, Prarit and Sciarappa, Antonio and Song, Jaewon},
	Date-Added = {2018-01-18 18:34:08 +0000},
	Date-Modified = {2018-01-18 18:34:08 +0000},
	Doi = {10.1007/JHEP10(2017)211},
	Eprint = {1707.04751},
	Journal = {JHEP},
	Pages = {211},
	Primaryclass = {hep-th},
	Reportnumber = {SNUTP17-003, KIAS-P17053},
	Slaccitation = {%%CITATION = ARXIV:1707.04751;%%},
	Title = {{$ \mathcal{N} $ =1 Lagrangians for generalized Argyres-Douglas theories}},
	Volume = {10},
	Year = {2017},
	Bdsk-Url-1 = {https://dx.doi.org/10.1007/JHEP10(2017)211}}

@article{Gadde:2010te,
	Archiveprefix = {arXiv},
	Author = {Gadde, Abhijit and Rastelli, Leonardo and Razamat, Shlomo S. and Yan, Wenbin},
	Doi = {10.1007/JHEP08(2010)107},
	Eprint = {1003.4244},
	Journal = {JHEP},
	Pages = {107},
	Primaryclass = {hep-th},
	Reportnumber = {YITP-SB-10-7},
	Slaccitation = {%%CITATION = ARXIV:1003.4244;%%},
	Title = {{The Superconformal Index of the $E_6$ SCFT}},
	Volume = {08},
	Year = {2010},
	Bdsk-Url-1 = {https://dx.doi.org/10.1007/JHEP08(2010)107}}

@article{Xie:2016uqq,
	Archiveprefix = {arXiv},
	Author = {Xie, Dan and Yau, Shing-Tung},
	Date-Added = {2016-10-11 21:03:01 +0000},
	Date-Modified = {2016-10-11 21:03:01 +0000},
	Eprint = {1602.03529},
	Primaryclass = {hep-th},
	Slaccitation = {%%CITATION = ARXIV:1602.03529;%%},
	Title = {{New N = 2 dualities}},
	Year = {2016}}

@article{Iqbal:2012xm,
	Archiveprefix = {arXiv},
	Author = {Iqbal, Amer and Vafa, Cumrun},
	Date-Added = {2016-10-10 22:44:11 +0000},
	Date-Modified = {2016-10-10 22:44:11 +0000},
	Doi = {10.1103/PhysRevD.90.105031},
	Eprint = {1210.3605},
	Journal = {Phys. Rev.},
	Number = {10},
	Pages = {105031},
	Primaryclass = {hep-th},
	Slaccitation = {%%CITATION = ARXIV:1210.3605;%%},
	Title = {{BPS Degeneracies and Superconformal Index in Diverse Dimensions}},
	Volume = {D90},
	Year = {2014},
	Bdsk-Url-1 = {http://dx.doi.org/10.1103/PhysRevD.90.105031}}

@article{Maruyoshi:2013fwa,
	Archiveprefix = {arXiv},
	Author = {Maruyoshi, Kazunobu and Park, Chan Y. and Yan, Wenbin},
	Date-Added = {2016-10-10 22:30:58 +0000},
	Date-Modified = {2016-10-10 22:30:58 +0000},
	Doi = {10.1007/JHEP12(2013)092},
	Eprint = {1309.3050},
	Journal = {JHEP},
	Pages = {092},
	Primaryclass = {hep-th},
	Reportnumber = {CALT-68-2948},
	Slaccitation = {%%CITATION = ARXIV:1309.3050;%%},
	Title = {{BPS spectrum of Argyres-Douglas theory via spectral network}},
	Volume = {12},
	Year = {2013},
	Bdsk-Url-1 = {http://dx.doi.org/10.1007/JHEP12(2013)092}}

@article{Chacaltana:2014jba,
	Archiveprefix = {arXiv},
	Author = {Chacaltana, Oscar and Distler, Jacques and Trimm, Anderson},
	Date-Added = {2016-10-06 22:30:24 +0000},
	Date-Modified = {2016-10-06 22:30:24 +0000},
	Doi = {10.1007/JHEP09(2015)007},
	Eprint = {1403.4604},
	Journal = {JHEP},
	Pages = {007},
	Primaryclass = {hep-th},
	Reportnumber = {UTTG-05-14, TCC-005-14, ICTP-SAIFR-2014-001},
	Slaccitation = {%%CITATION = ARXIV:1403.4604;%%},
	Title = {{Tinkertoys for the E$_{6}$ theory}},
	Volume = {09},
	Year = {2015},
	Bdsk-Url-1 = {http://dx.doi.org/10.1007/JHEP09(2015)007}}

@article{Gadde:2011ik,
	Archiveprefix = {arXiv},
	Author = {Gadde, Abhijit and Rastelli, Leonardo and Razamat, Shlomo S. and Yan, Wenbin},
	Doi = {10.1103/PhysRevLett.106.241602},
	Eprint = {1104.3850},
	Journal = {Phys. Rev. Lett.},
	Pages = {241602},
	Primaryclass = {hep-th},
	Reportnumber = {YITP-SB-11-13},
	Slaccitation = {%%CITATION = ARXIV:1104.3850;%%},
	Title = {{The 4d Superconformal Index from q-deformed 2d Yang-Mills}},
	Volume = {106},
	Year = {2011},
	Bdsk-Url-1 = {http://dx.doi.org/10.1103/PhysRevLett.106.241602}}

@article{Alim:2011kw,
	Archiveprefix = {arXiv},
	Author = {Alim, Murad and Cecotti, Sergio and Cordova, Clay and Espahbodi, Sam and Rastogi, Ashwin and Vafa, Cumrun},
	Doi = {10.4310/ATMP.2014.v18.n1.a2},
	Eprint = {1112.3984},
	Journal = {Adv. Theor. Math. Phys.},
	Number = {1},
	Pages = {27-127},
	Primaryclass = {hep-th},
	Slaccitation = {%%CITATION = ARXIV:1112.3984;%%},
	Title = {{$\mathcal{N} = 2$ quantum field theories and their BPS quivers}},
	Volume = {18},
	Year = {2014},
	Bdsk-Url-1 = {http://dx.doi.org/10.4310/ATMP.2014.v18.n1.a2}}

@article{Alim:2011ae,
	Archiveprefix = {arXiv},
	Author = {Alim, Murad and Cecotti, Sergio and Cordova, Clay and Espahbodi, Sam and Rastogi, Ashwin and Vafa, Cumrun},
	Doi = {10.1007/s00220-013-1789-8},
	Eprint = {1109.4941},
	Journal = {Commun. Math. Phys.},
	Pages = {1185-1227},
	Primaryclass = {hep-th},
	Slaccitation = {%%CITATION = ARXIV:1109.4941;%%},
	Title = {{BPS Quivers and Spectra of Complete N=2 Quantum Field Theories}},
	Volume = {323},
	Year = {2013},
	Bdsk-Url-1 = {http://dx.doi.org/10.1007/s00220-013-1789-8}}

@article{Shapere:1999xr,
	Archiveprefix = {arXiv},
	Author = {Shapere, Alfred D. and Vafa, Cumrun},
	Eprint = {hep-th/9910182},
	Primaryclass = {hep-th},
	Reportnumber = {HUTP-99-A057, UKHEP-99-15},
	Slaccitation = {%%CITATION = HEP-TH/9910182;%%},
	Title = {{BPS structure of Argyres-Douglas superconformal theories}},
	Year = {1999}}

@article{Cecotti:2011rv,
	Archiveprefix = {arXiv},
	Author = {Cecotti, Sergio and Vafa, Cumrun},
	Eprint = {1103.5832},
	Journal = {Surveys in differential geometry},
	Primaryclass = {hep-th},
	Slaccitation = {%%CITATION = ARXIV:1103.5832;%%},
	Title = {{Classification of complete N=2 supersymmetric theories in 4 dimensions}},
	Volume = {18},
	Year = {2013}}

@article{Cecotti:2010fi,
	Archiveprefix = {arXiv},
	Author = {Cecotti, Sergio and Neitzke, Andrew and Vafa, Cumrun},
	Eprint = {1006.3435},
	Primaryclass = {hep-th},
	Slaccitation = {%%CITATION = ARXIV:1006.3435;%%},
	Title = {{R-Twisting and 4d/2d Correspondences}},
	Year = {2010}}

@article{Gaiotto:2009hg,
	Archiveprefix = {arXiv},
	Author = {Gaiotto, Davide and Moore, Gregory W. and Neitzke, Andrew},
	Eprint = {0907.3987},
	Primaryclass = {hep-th},
	Slaccitation = {%%CITATION = ARXIV:0907.3987;%%},
	Title = {{Wall-crossing, Hitchin Systems, and the WKB Approximation}},
	Year = {2009}}

@article{Xie:2013jc,
	Archiveprefix = {arXiv},
	Author = {Xie, Dan and Zhao, Peng},
	Doi = {10.1007/JHEP03(2013)006},
	Eprint = {1301.0210},
	Journal = {JHEP},
	Pages = {006},
	Primaryclass = {hep-th},
	Reportnumber = {DAMTP-2013-1},
	Slaccitation = {%%CITATION = ARXIV:1301.0210;%%},
	Title = {{Central charges and RG flow of strongly-coupled N=2 theory}},
	Volume = {03},
	Year = {2013},
	Bdsk-Url-1 = {http://dx.doi.org/10.1007/JHEP03(2013)006}}

@article{Gaiotto:2012sf,
	Archiveprefix = {arXiv},
	Author = {Gaiotto, Davide and Teschner, Joerg},
	Doi = {10.1007/JHEP12(2012)050},
	Eprint = {1203.1052},
	Journal = {JHEP},
	Pages = {050},
	Primaryclass = {hep-th},
	Reportnumber = {DESY-12-046},
	Slaccitation = {%%CITATION = ARXIV:1203.1052;%%},
	Title = {{Irregular singularities in Liouville theory and Argyres-Douglas type gauge theories, I}},
	Volume = {12},
	Year = {2012},
	Bdsk-Url-1 = {http://dx.doi.org/10.1007/JHEP12(2012)050}}

@inproceedings{Eguchi:1996ds,
	Archiveprefix = {arXiv},
	Author = {Eguchi, Tohru and Hori, Kentaro},
	Booktitle = {{The mathematical beauty of physics: A memorial volume for Claude Itzykson. Proceedings, Conference, Saclay, France, June 5-7, 1996}},
	Eprint = {hep-th/9607125},
	Pages = {67-82},
	Primaryclass = {hep-th},
	Reportnumber = {UT-755, C96-06-05},
	Slaccitation = {%%CITATION = HEP-TH/9607125;%%},
	Title = {{N=2 superconformal field theories in four-dimensions and A-D-E classification}},
	Year = {1996}}

@article{Eguchi:1996vu,
	Archiveprefix = {arXiv},
	Author = {Eguchi, Tohru and Hori, Kentaro and Ito, Katsushi and Yang, Sung-Kil},
	Doi = {10.1016/0550-3213(96)00188-5},
	Eprint = {hep-th/9603002},
	Journal = {Nucl. Phys.},
	Pages = {430-444},
	Primaryclass = {hep-th},
	Reportnumber = {UT-742},
	Slaccitation = {%%CITATION = HEP-TH/9603002;%%},
	Title = {{Study of N=2 superconformal field theories in four-dimensions}},
	Volume = {B471},
	Year = {1996},
	Bdsk-Url-1 = {http://dx.doi.org/10.1016/0550-3213(96)00188-5}}

@inproceedings{Seiberg:1994bp,
	Archiveprefix = {arXiv},
	Author = {Seiberg, Nathan},
	Booktitle = {{PASCOS '94: Proceedings, 4th International Symposium on Particles, Strings and Cosmology, Syracuse, New York, USA, May 19-24, 1994}},
	Eprint = {hep-th/9408013},
	Pages = {0357-369},
	Primaryclass = {hep-th},
	Reportnumber = {RU-94-64, IASSNS-HEP-94-57, C94-05-19},
	Slaccitation = {%%CITATION = HEP-TH/9408013;%%},
	Title = {{The Power of holomorphy: Exact results in 4-D SUSY field theories}},
	Url = {http://alice.cern.ch/format/showfull?sysnb=0185433},
	Year = {1994},
	Bdsk-Url-1 = {http://alice.cern.ch/format/showfull?sysnb=0185433}}

@article{DelZotto:2015rca,
	Archiveprefix = {arXiv},
	Author = {Del Zotto, Michele and Vafa, Cumrun and Xie, Dan},
	Doi = {10.1007/JHEP11(2015)123},
	Eprint = {1504.08348},
	Journal = {JHEP},
	Pages = {123},
	Primaryclass = {hep-th},
	Slaccitation = {%%CITATION = ARXIV:1504.08348;%%},
	Title = {{Geometric engineering, mirror symmetry and $ 6{\mathrm{d}}_{\left(1,0\right)}\to 4{\mathrm{d}}_{\left(\mathcal{N}=2\right)} $}},
	Volume = {11},
	Year = {2015},
	Bdsk-Url-1 = {http://dx.doi.org/10.1007/JHEP11(2015)123}}

@article{Cecotti:2015hca,
	Archiveprefix = {arXiv},
	Author = {Cecotti, Sergio and Del Zotto, Michele},
	Doi = {10.1007/JHEP09(2015)035},
	Eprint = {1507.01799},
	Journal = {JHEP},
	Pages = {035},
	Primaryclass = {hep-th},
	Slaccitation = {%%CITATION = ARXIV:1507.01799;%%},
	Title = {{Higher S-dualities and Shephard-Todd groups}},
	Volume = {09},
	Year = {2015},
	Bdsk-Url-1 = {http://dx.doi.org/10.1007/JHEP09(2015)035}}

@article{Buican:2014hfa,
	Archiveprefix = {arXiv},
	Author = {Buican, Matthew and Giacomelli, Simone and Nishinaka, Takahiro and Papageorgakis, Constantinos},
	Doi = {10.1007/JHEP02(2015)185},
	Eprint = {1411.6026},
	Journal = {JHEP},
	Pages = {185},
	Primaryclass = {hep-th},
	Reportnumber = {RU-NHETC-2014-20, QMUL-PH-14-24},
	Slaccitation = {%%CITATION = ARXIV:1411.6026;%%},
	Title = {{Argyres-Douglas Theories and S-Duality}},
	Volume = {02},
	Year = {2015},
	Bdsk-Url-1 = {http://dx.doi.org/10.1007/JHEP02(2015)185}}

@article{Morita:2011cs,
	Archiveprefix = {arXiv},
	Author = {Morita, Takeshi and Niarchos, Vasilis},
	Doi = {10.1016/j.nuclphysb.2012.01.003},
	Eprint = {1108.4963},
	Journal = {Nucl. Phys.},
	Pages = {84-116},
	Primaryclass = {hep-th},
	Reportnumber = {CCTP-2011-24},
	Slaccitation = {%%CITATION = ARXIV:1108.4963;%%},
	Title = {{F-theorem, duality and SUSY breaking in one-adjoint Chern-Simons-Matter theories}},
	Volume = {B858},
	Year = {2012},
	Bdsk-Url-1 = {http://dx.doi.org/10.1016/j.nuclphysb.2012.01.003}}

@article{Agarwal:2012wd,
	Archiveprefix = {arXiv},
	Author = {Agarwal, Prarit and Amariti, Antonio and Siani, Massimo},
	Doi = {10.1007/JHEP10(2012)178},
	Eprint = {1205.6798},
	Journal = {JHEP},
	Pages = {178},
	Primaryclass = {hep-th},
	Reportnumber = {UCSD-PTH-12-07, WIS-06-12-MAY-DPPA},
	Slaccitation = {%%CITATION = ARXIV:1205.6798;%%},
	Title = {{Refined Checks and Exact Dualities in Three Dimensions}},
	Volume = {10},
	Year = {2012},
	Bdsk-Url-1 = {http://dx.doi.org/10.1007/JHEP10(2012)178}}

@article{Safdi:2012re,
	Archiveprefix = {arXiv},
	Author = {Safdi, Benjamin R. and Klebanov, Igor R. and Lee, Jeongseog},
	Doi = {10.1007/JHEP04(2013)165},
	Eprint = {1212.4502},
	Journal = {JHEP},
	Pages = {165},
	Primaryclass = {hep-th},
	Reportnumber = {PUPT-2434},
	Slaccitation = {%%CITATION = ARXIV:1212.4502;%%},
	Title = {{A Crack in the Conformal Window}},
	Volume = {04},
	Year = {2013},
	Bdsk-Url-1 = {http://dx.doi.org/10.1007/JHEP04(2013)165}}

@misc{PANote,
	Author = {Agarwal, Prarit},
	Date-Added = {2016-10-09 00:15:14 +0000},
	Date-Modified = {2016-10-14 16:17:36 +0000},
	Howpublished = {Unpublished},
	Note = {Unpublished}}

@article{Chacaltana:2012zy,
	Archiveprefix = {arXiv},
	Author = {Chacaltana, Oscar and Distler, Jacques and Tachikawa, Yuji},
	Doi = {10.1142/S0217751X1340006X},
	Eprint = {1203.2930},
	Journal = {Int. J. Mod. Phys.},
	Pages = {1340006},
	Primaryclass = {hep-th},
	Reportnumber = {ICTP-SAIFR-2012-002, IPMU-12-0026, UTTG-04-12, TCC-004-12},
	Slaccitation = {%%CITATION = ARXIV:1203.2930;%%},
	Title = {{Nilpotent orbits and codimension-two defects of 6d N=(2,0) theories}},
	Volume = {A28},
	Year = {2013},
	Bdsk-Url-1 = {http://dx.doi.org/10.1142/S0217751X1340006X}}

@article{Lemos:2012ph,
	Archiveprefix = {arXiv},
	Author = {Lemos, Madalena and Peelaers, Wolfger and Rastelli, Leonardo},
	Doi = {10.1007/JHEP05(2014)120},
	Eprint = {1212.1271},
	Journal = {JHEP},
	Pages = {120},
	Primaryclass = {hep-th},
	Reportnumber = {YITP-SB-12-45},
	Slaccitation = {%%CITATION = ARXIV:1212.1271;%%},
	Title = {{The superconformal index of class $S$ theories of type $D$}},
	Volume = {05},
	Year = {2014},
	Bdsk-Url-1 = {http://dx.doi.org/10.1007/JHEP05(2014)120}}

@article{Chacaltana:2013oka,
	Archiveprefix = {arXiv},
	Author = {Chacaltana, Oscar and Distler, Jacques and Trimm, Anderson},
	Doi = {10.1007/JHEP04(2015)173},
	Eprint = {1309.2299},
	Journal = {JHEP},
	Pages = {173},
	Primaryclass = {hep-th},
	Reportnumber = {UTTG-24-13, TCC-020-13, ICTP-SAIFR-2013-011},
	Slaccitation = {%%CITATION = ARXIV:1309.2299;%%},
	Title = {{Tinkertoys for the Twisted D-Series}},
	Volume = {04},
	Year = {2015},
	Bdsk-Url-1 = {http://dx.doi.org/10.1007/JHEP04(2015)173}}

@article{Chacaltana:2011ze,
	Archiveprefix = {arXiv},
	Author = {Chacaltana, Oscar and Distler, Jacques},
	Doi = {10.1007/JHEP02(2013)110},
	Eprint = {1106.5410},
	Journal = {JHEP},
	Pages = {110},
	Primaryclass = {hep-th},
	Reportnumber = {UTTG-15-11, TCC-017-11},
	Slaccitation = {%%CITATION = ARXIV:1106.5410;%%},
	Title = {{Tinkertoys for the $D_N$ series}},
	Volume = {02},
	Year = {2013},
	Bdsk-Url-1 = {http://dx.doi.org/10.1007/JHEP02(2013)110}}

@article{collingwood17008nilpotent,
	Author = {Collingwood, D and McGovern, W},
	Journal = {Zbl0972},
	Title = {Nilpotent Orbits in Semisimple Lie Algebras Van Nostrand Reinhold, New York 1993},
	Volume = {17008}}

@article{Kutasov:1995np,
	Archiveprefix = {arXiv},
	Author = {Kutasov, D. and Schwimmer, A.},
	Doi = {10.1016/0370-2693(95)00676-C},
	Eprint = {hep-th/9505004},
	Journal = {Phys. Lett.},
	Pages = {315-321},
	Primaryclass = {hep-th},
	Reportnumber = {EFI-95-20, WIS-95-4-PH},
	Slaccitation = {%%CITATION = HEP-TH/9505004;%%},
	Title = {{On duality in supersymmetric Yang-Mills theory}},
	Volume = {B354},
	Year = {1995},
	Bdsk-Url-1 = {http://dx.doi.org/10.1016/0370-2693(95)00676-C}}

@article{Kutasov:1995ve,
	Archiveprefix = {arXiv},
	Author = {Kutasov, D.},
	Doi = {10.1016/0370-2693(95)00392-X},
	Eprint = {hep-th/9503086},
	Journal = {Phys. Lett.},
	Pages = {230-234},
	Primaryclass = {hep-th},
	Reportnumber = {EFI-95-11},
	Slaccitation = {%%CITATION = HEP-TH/9503086;%%},
	Title = {{A Comment on duality in N=1 supersymmetric nonAbelian gauge theories}},
	Volume = {B351},
	Year = {1995},
	Bdsk-Url-1 = {http://dx.doi.org/10.1016/0370-2693(95)00392-X}}

@article{Dolan:2008qi,
	Archiveprefix = {arXiv},
	Author = {Dolan, F. A. and Osborn, H.},
	Doi = {10.1016/j.nuclphysb.2009.01.028},
	Eprint = {0801.4947},
	Journal = {Nucl. Phys.},
	Pages = {137-178},
	Primaryclass = {hep-th},
	Reportnumber = {DAMTP-08-07, DIAS-STP-08-02, SHEP-08-06},
	Slaccitation = {%%CITATION = ARXIV:0801.4947;%%},
	Title = {{Applications of the Superconformal Index for Protected Operators and q-Hypergeometric Identities to N=1 Dual Theories}},
	Volume = {B818},
	Year = {2009},
	Bdsk-Url-1 = {http://dx.doi.org/10.1016/j.nuclphysb.2009.01.028}}

@article{Spiridonov:2009za,
	Archiveprefix = {arXiv},
	Author = {Spiridonov, V. P. and Vartanov, G. S.},
	Doi = {10.1007/s00220-011-1218-9},
	Eprint = {0910.5944},
	Journal = {Commun. Math. Phys.},
	Pages = {797-874},
	Primaryclass = {hep-th},
	Reportnumber = {AEI-2009-106},
	Slaccitation = {%%CITATION = ARXIV:0910.5944;%%},
	Title = {{Elliptic Hypergeometry of Supersymmetric Dualities}},
	Volume = {304},
	Year = {2011},
	Bdsk-Url-1 = {http://dx.doi.org/10.1007/s00220-011-1218-9}}

@article{Kutasov:2003iy,
	Archiveprefix = {arXiv},
	Author = {Kutasov, David and Parnachev, Andrei and Sahakyan, David A.},
	Doi = {10.1088/1126-6708/2003/11/013},
	Eprint = {hep-th/0308071},
	Journal = {JHEP},
	Pages = {013},
	Primaryclass = {hep-th},
	Reportnumber = {EFI-03-40},
	Slaccitation = {%%CITATION = HEP-TH/0308071;%%},
	Title = {{Central charges and U(1)(R) symmetries in N=1 superYang-Mills}},
	Volume = {11},
	Year = {2003},
	Bdsk-Url-1 = {http://dx.doi.org/10.1088/1126-6708/2003/11/013}}

@article{Panyushev201515,
	Author = {Dmitri I. Panyushev},
	Date-Added = {2016-08-02 23:36:15 +0000},
	Date-Modified = {2016-10-14 16:40:44 +0000},
	Doi = {http://dx.doi.org/10.1016/j.jalgebra.2015.01.033},
	Issn = {0021-8693},
	Journal = {Journal of Algebra},
	Keywords = {Dual Coxeter number},
	Pages = {15 - 25},
	Title = {The Dynkin index and $sl_2$-subalgebras of simple Lie algebras},
	Url = {http://www.sciencedirect.com/science/article/pii/S0021869315000927},
	Volume = {430},
	Year = {2015},
	Bdsk-Url-1 = {http://www.sciencedirect.com/science/article/pii/S0021869315000927},
	Bdsk-Url-2 = {http://dx.doi.org/10.1016/j.jalgebra.2015.01.033}}

@article{Kuzenko:1999pi,
	Archiveprefix = {arXiv},
	Author = {Kuzenko, Sergei M. and Theisen, Stefan},
	Date-Added = {2016-07-13 22:56:54 +0000},
	Date-Modified = {2016-07-13 22:56:54 +0000},
	Doi = {10.1088/0264-9381/17/3/307},
	Eprint = {hep-th/9907107},
	Journal = {Class. Quant. Grav.},
	Pages = {665-696},
	Primaryclass = {hep-th},
	Reportnumber = {LMU-TPW-99-14},
	Slaccitation = {%%CITATION = HEP-TH/9907107;%%},
	Title = {{Correlation functions of conserved currents in N=2 superconformal theory}},
	Volume = {17},
	Year = {2000},
	Bdsk-Url-1 = {http://dx.doi.org/10.1088/0264-9381/17/3/307}}

@article{Lemos:2015orc,
	Archiveprefix = {arXiv},
	Author = {Lemos, Madalena and Liendo, Pedro},
	Date-Added = {2016-07-11 22:41:13 +0000},
	Date-Modified = {2016-07-11 22:41:13 +0000},
	Doi = {10.1007/JHEP04(2016)004},
	Eprint = {1511.07449},
	Journal = {JHEP},
	Pages = {004},
	Primaryclass = {hep-th},
	Reportnumber = {DESY-15-230, HU-EP-15-56},
	Slaccitation = {%%CITATION = ARXIV:1511.07449;%%},
	Title = {{$\mathcal{N}=2$ central charge bounds from $2d$ chiral algebras}},
	Volume = {04},
	Year = {2016},
	Bdsk-Url-1 = {http://dx.doi.org/10.1007/JHEP04(2016)004}}

@article{Argyres:1995fw,
	Archiveprefix = {arXiv},
	Author = {Argyres, Philip C. and Shapere, Alfred D.},
	Date-Added = {2016-07-11 22:06:08 +0000},
	Date-Modified = {2016-07-11 22:06:08 +0000},
	Doi = {10.1016/0550-3213(95)00661-3},
	Eprint = {hep-th/9509175},
	Journal = {Nucl. Phys.},
	Pages = {437-459},
	Primaryclass = {hep-th},
	Reportnumber = {RU-95-61, UK-95-14},
	Slaccitation = {%%CITATION = HEP-TH/9509175;%%},
	Title = {{The Vacuum structure of N=2 superQCD with classical gauge groups}},
	Volume = {B461},
	Year = {1996},
	Bdsk-Url-1 = {http://dx.doi.org/10.1016/0550-3213(95)00661-3}}

@article{Argyres:1995wt,
	Archiveprefix = {arXiv},
	Author = {Argyres, Philip C. and Plesser, M. Ronen and Shapere, Alfred D.},
	Date-Added = {2016-07-11 22:06:07 +0000},
	Date-Modified = {2016-07-11 22:06:07 +0000},
	Doi = {10.1103/PhysRevLett.75.1699},
	Eprint = {hep-th/9505100},
	Journal = {Phys. Rev. Lett.},
	Pages = {1699-1702},
	Primaryclass = {hep-th},
	Reportnumber = {IASSNS-HEP-95-32, UK-HEP-95-06},
	Slaccitation = {%%CITATION = HEP-TH/9505100;%%},
	Title = {{The Coulomb phase of N=2 supersymmetric QCD}},
	Volume = {75},
	Year = {1995},
	Bdsk-Url-1 = {http://dx.doi.org/10.1103/PhysRevLett.75.1699}}

@article{Chacaltana:2016shw,
	Archiveprefix = {arXiv},
	Author = {Chacaltana, Oscar and Distler, Jacques and Trimm, Anderson},
	Date-Added = {2016-07-11 21:12:06 +0000},
	Date-Modified = {2016-07-11 21:12:06 +0000},
	Eprint = {1601.02077},
	Primaryclass = {hep-th},
	Reportnumber = {UTTG-30-15},
	Slaccitation = {%%CITATION = ARXIV:1601.02077;%%},
	Title = {{Tinkertoys for the Z3-twisted D4 Theory}},
	Year = {2016}}

@article{Cordova:2015nma,
	Archiveprefix = {arXiv},
	Author = {Cordova, Clay and Shao, Shu-Heng},
	Date-Added = {2016-07-11 21:04:54 +0000},
	Date-Modified = {2016-07-11 21:04:54 +0000},
	Doi = {10.1007/JHEP01(2016)040},
	Eprint = {1506.00265},
	Journal = {JHEP},
	Pages = {040},
	Primaryclass = {hep-th},
	Slaccitation = {%%CITATION = ARXIV:1506.00265;%%},
	Title = {{Schur Indices, BPS Particles, and Argyres-Douglas Theories}},
	Volume = {01},
	Year = {2016},
	Bdsk-Url-1 = {http://dx.doi.org/10.1007/JHEP01(2016)040}}

@article{Cordova:2016uwk,
	Archiveprefix = {arXiv},
	Author = {Cordova, Clay and Gaiotto, Davide and Shao, Shu-Heng},
	Date-Added = {2016-07-11 21:04:48 +0000},
	Date-Modified = {2016-07-11 21:04:48 +0000},
	Eprint = {1606.08429},
	Primaryclass = {hep-th},
	Slaccitation = {%%CITATION = ARXIV:1606.08429;%%},
	Title = {{Infrared Computations of Defect Schur Indices}},
	Year = {2016}}

@article{Argyres:2015ffa,
	Archiveprefix = {arXiv},
	Author = {Argyres, Philip and Lotito, Matteo and Lu, Yongchao and Martone, Mario},
	Eprint = {1505.04814},
	Primaryclass = {hep-th},
	Slaccitation = {%%CITATION = ARXIV:1505.04814;%%},
	Title = {{Geometric constraints on the space of N=2 SCFTs I: physical constraints on relevant deformations}},
	Year = {2015}}

@article{Argyres:2015gha,
	Archiveprefix = {arXiv},
	Author = {Argyres, Philip C. and Lotito, Matteo and Lu, Yongchao and Martone, Mario},
	Eprint = {1601.00011},
	Primaryclass = {hep-th},
	Slaccitation = {%%CITATION = ARXIV:1601.00011;%%},
	Title = {{Geometric constraints on the space of N=2 SCFTs II: Construction of special K\"ahler geometries and RG flows}},
	Year = {2015}}

@article{Argyres:2016xua,
	Archiveprefix = {arXiv},
	Author = {Argyres, Philip C. and Lotito, Matteo and Lu, Yongchao and Martone, Mario},
	Doi = {10.1007/JHEP05(2016)088},
	Eprint = {1602.02764},
	Journal = {JHEP},
	Pages = {088},
	Primaryclass = {hep-th},
	Slaccitation = {%%CITATION = ARXIV:1602.02764;%%},
	Title = {{Expanding the landscape of $ \mathcal{N} $ = 2 rank 1 SCFTs}},
	Volume = {05},
	Year = {2016},
	Bdsk-Url-1 = {http://dx.doi.org/10.1007/JHEP05(2016)088}}

@article{Xie:2013gma,
	Archiveprefix = {arXiv},
	Author = {Xie, Dan},
	Date-Added = {2016-07-08 21:24:51 +0000},
	Date-Modified = {2016-07-08 21:24:51 +0000},
	Doi = {10.1007/JHEP04(2014)154},
	Eprint = {1307.5877},
	Journal = {JHEP},
	Pages = {154},
	Primaryclass = {hep-th},
	Slaccitation = {%%CITATION = ARXIV:1307.5877;%%},
	Title = {{M5 brane and four dimensional N = 1 theories I}},
	Volume = {04},
	Year = {2014},
	Bdsk-Url-1 = {http://dx.doi.org/10.1007/JHEP04(2014)154}}

@article{Buican:2014qla,
	Archiveprefix = {arXiv},
	Author = {Buican, Matthew and Nishinaka, Takahiro and Papageorgakis, Constantinos},
	Date-Added = {2016-07-08 21:20:09 +0000},
	Date-Modified = {2016-07-08 21:20:09 +0000},
	Doi = {10.1007/JHEP12(2014)095},
	Eprint = {1407.2835},
	Journal = {JHEP},
	Pages = {095},
	Primaryclass = {hep-th},
	Reportnumber = {RU-NHETC-2014-12, QMUL-PH-14-15},
	Slaccitation = {%%CITATION = ARXIV:1407.2835;%%},
	Title = {{Constraints on chiral operators in $ \mathcal{N}=2 $ SCFTs}},
	Volume = {12},
	Year = {2014},
	Bdsk-Url-1 = {http://dx.doi.org/10.1007/JHEP12(2014)095}}

@article{Buican:2015ina,
	Archiveprefix = {arXiv},
	Author = {Buican, Matthew and Nishinaka, Takahiro},
	Date-Added = {2016-07-08 21:20:05 +0000},
	Date-Modified = {2016-07-08 21:20:05 +0000},
	Doi = {10.1088/1751-8113/49/1/015401},
	Eprint = {1505.05884},
	Journal = {J. Phys.},
	Number = {1},
	Pages = {015401},
	Primaryclass = {hep-th},
	Reportnumber = {RU-NHETC-2015-01},
	Slaccitation = {%%CITATION = ARXIV:1505.05884;%%},
	Title = {{On the superconformal index of Argyres--Douglas theories}},
	Volume = {A49},
	Year = {2016},
	Bdsk-Url-1 = {http://dx.doi.org/10.1088/1751-8113/49/1/015401}}

@article{Buican:2015tda,
	Archiveprefix = {arXiv},
	Author = {Buican, Matthew and Nishinaka, Takahiro},
	Date-Added = {2016-07-08 21:20:00 +0000},
	Date-Modified = {2016-07-08 21:20:00 +0000},
	Doi = {10.1007/JHEP02(2016)159},
	Eprint = {1509.05402},
	Journal = {JHEP},
	Pages = {159},
	Primaryclass = {hep-th},
	Reportnumber = {RU-NHETC-2015-08, EFI-15-30, YITP-15-80,},
	Slaccitation = {%%CITATION = ARXIV:1509.05402;%%},
	Title = {{Argyres-Douglas Theories, the Macdonald Index, and an RG Inequality}},
	Volume = {02},
	Year = {2016},
	Bdsk-Url-1 = {http://dx.doi.org/10.1007/JHEP02(2016)159}}

@article{Dasgupta:1996ij,
	Archiveprefix = {arXiv},
	Author = {Dasgupta, Keshav and Mukhi, Sunil},
	Date-Added = {2016-07-04 05:41:36 +0000},
	Date-Modified = {2016-07-04 05:41:36 +0000},
	Doi = {10.1016/0370-2693(96)00875-1},
	Eprint = {hep-th/9606044},
	Journal = {Phys. Lett.},
	Pages = {125-131},
	Primaryclass = {hep-th},
	Reportnumber = {TIFR-TH-96-30},
	Slaccitation = {%%CITATION = HEP-TH/9606044;%%},
	Title = {{F theory at constant coupling}},
	Volume = {B385},
	Year = {1996},
	Bdsk-Url-1 = {http://dx.doi.org/10.1016/0370-2693(96)00875-1}}

@article{Banks:1996nj,
	Archiveprefix = {arXiv},
	Author = {Banks, Tom and Douglas, Michael R. and Seiberg, Nathan},
	Date-Added = {2016-07-04 05:40:13 +0000},
	Date-Modified = {2016-07-04 05:40:13 +0000},
	Doi = {10.1016/0370-2693(96)00808-8},
	Eprint = {hep-th/9605199},
	Journal = {Phys. Lett.},
	Pages = {278-281},
	Primaryclass = {hep-th},
	Reportnumber = {RU-96-41},
	Slaccitation = {%%CITATION = HEP-TH/9605199;%%},
	Title = {{Probing F theory with branes}},
	Volume = {B387},
	Year = {1996},
	Bdsk-Url-1 = {http://dx.doi.org/10.1016/0370-2693(96)00808-8}}

@article{Sen:1996vd,
	Archiveprefix = {arXiv},
	Author = {Sen, Ashoke},
	Date-Added = {2016-07-04 05:39:40 +0000},
	Date-Modified = {2016-07-04 05:39:40 +0000},
	Doi = {10.1016/0550-3213(96)00347-1},
	Eprint = {hep-th/9605150},
	Journal = {Nucl. Phys.},
	Pages = {562-578},
	Primaryclass = {hep-th},
	Reportnumber = {MRI-PHY-96-14},
	Slaccitation = {%%CITATION = HEP-TH/9605150;%%},
	Title = {{F theory and orientifolds}},
	Volume = {B475},
	Year = {1996},
	Bdsk-Url-1 = {http://dx.doi.org/10.1016/0550-3213(96)00347-1}}

@article{Gadde:2015wta,
	Archiveprefix = {arXiv},
	Author = {Gadde, Abhijit and Razamat, Shlomo S. and Willett, Brian},
	Date-Added = {2016-07-03 16:54:34 +0000},
	Date-Modified = {2016-07-03 16:54:34 +0000},
	Doi = {10.1007/JHEP11(2015)163},
	Eprint = {1506.08795},
	Journal = {JHEP},
	Pages = {163},
	Primaryclass = {hep-th},
	Slaccitation = {%%CITATION = ARXIV:1506.08795;%%},
	Title = {{On the reduction of 4d $ \mathcal{N}=1 $ theories on $ {\mathbb{S}}^2 $}},
	Volume = {11},
	Year = {2015},
	Bdsk-Url-1 = {http://dx.doi.org/10.1007/JHEP11(2015)163}}

@article{Gadde:2015xta,
	Archiveprefix = {arXiv},
	Author = {Gadde, Abhijit and Razamat, Shlomo S. and Willett, Brian},
	Date-Added = {2016-07-03 16:50:23 +0000},
	Date-Modified = {2016-07-03 16:50:23 +0000},
	Doi = {10.1103/PhysRevLett.115.171604},
	Eprint = {1505.05834},
	Journal = {Phys. Rev. Lett.},
	Number = {17},
	Pages = {171604},
	Primaryclass = {hep-th},
	Slaccitation = {%%CITATION = ARXIV:1505.05834;%%},
	Title = {{"Lagrangian" for a Non-Lagrangian Field Theory with $\mathcal N=2$ Supersymmetry}},
	Volume = {115},
	Year = {2015},
	Bdsk-Url-1 = {http://dx.doi.org/10.1103/PhysRevLett.115.171604}}

@article{Leigh:1995ep,
	Archiveprefix = {arXiv},
	Author = {Leigh, Robert G. and Strassler, Matthew J.},
	Date-Added = {2016-06-09 16:34:54 +0000},
	Date-Modified = {2016-06-09 16:34:54 +0000},
	Doi = {10.1016/0550-3213(95)00261-P},
	Eprint = {hep-th/9503121},
	Journal = {Nucl. Phys.},
	Pages = {95-136},
	Primaryclass = {hep-th},
	Reportnumber = {RU-95-2},
	Slaccitation = {%%CITATION = HEP-TH/9503121;%%},
	Title = {{Exactly marginal operators and duality in four-dimensional N=1 supersymmetric gauge theory}},
	Volume = {B447},
	Year = {1995},
	Bdsk-Url-1 = {http://dx.doi.org/10.1016/0550-3213(95)00261-P}}

@article{Seiberg:1994pq,
	Archiveprefix = {arXiv},
	Author = {Seiberg, N.},
	Date-Added = {2016-06-09 16:34:26 +0000},
	Date-Modified = {2016-06-09 16:34:26 +0000},
	Doi = {10.1016/0550-3213(94)00023-8},
	Eprint = {hep-th/9411149},
	Journal = {Nucl. Phys.},
	Pages = {129-146},
	Primaryclass = {hep-th},
	Reportnumber = {RU-94-82, IASSNS-HEP-94-98},
	Slaccitation = {%%CITATION = HEP-TH/9411149;%%},
	Title = {{Electric - magnetic duality in supersymmetric nonAbelian gauge theories}},
	Volume = {B435},
	Year = {1995},
	Bdsk-Url-1 = {http://dx.doi.org/10.1016/0550-3213(94)00023-8}}

@article{Seiberg:1994aj,
	Archiveprefix = {arXiv},
	Author = {Seiberg, N. and Witten, Edward},
	Date-Added = {2016-06-09 16:34:20 +0000},
	Date-Modified = {2016-06-09 16:34:20 +0000},
	Doi = {10.1016/0550-3213(94)90214-3},
	Eprint = {hep-th/9408099},
	Journal = {Nucl. Phys.},
	Pages = {484-550},
	Primaryclass = {hep-th},
	Reportnumber = {RU-94-60, IASSNS-HEP-94-55},
	Slaccitation = {%%CITATION = HEP-TH/9408099;%%},
	Title = {{Monopoles, duality and chiral symmetry breaking in N=2 supersymmetric QCD}},
	Volume = {B431},
	Year = {1994},
	Bdsk-Url-1 = {http://dx.doi.org/10.1016/0550-3213(94)90214-3}}

@article{Seiberg:1994rs,
	Archiveprefix = {arXiv},
	Author = {Seiberg, N. and Witten, Edward},
	Date-Added = {2016-06-09 16:34:19 +0000},
	Date-Modified = {2016-06-09 16:34:19 +0000},
	Doi = {10.1016/0550-3213(94)90124-4},
	Eprint = {hep-th/9407087},
	Journal = {Nucl. Phys.},
	Note = {[Erratum: Nucl. Phys.B430,485(1994)]},
	Pages = {19-52},
	Primaryclass = {hep-th},
	Reportnumber = {RU-94-52, IASSNS-HEP-94-43},
	Slaccitation = {%%CITATION = HEP-TH/9407087;%%},
	Title = {{Electric - magnetic duality, monopole condensation, and confinement in N=2 supersymmetric Yang-Mills theory}},
	Volume = {B426},
	Year = {1994},
	Bdsk-Url-1 = {http://dx.doi.org/10.1016/0550-3213(94)90124-4}}

@article{Cordova:2016xhm,
	Archiveprefix = {arXiv},
	Author = {Cordova, Clay and Dumitrescu, Thomas T. and Intriligator, Kenneth},
	Date-Added = {2016-06-09 16:30:26 +0000},
	Date-Modified = {2016-06-09 16:30:26 +0000},
	Eprint = {1602.01217},
	Primaryclass = {hep-th},
	Slaccitation = {%%CITATION = ARXIV:1602.01217;%%},
	Title = {{Deformations of Superconformal Theories}},
	Year = {2016}}

@article{Gukov:2015qea,
	Archiveprefix = {arXiv},
	Author = {Gukov, Sergei},
	Date-Added = {2016-06-09 16:29:56 +0000},
	Date-Modified = {2016-06-09 16:29:56 +0000},
	Doi = {10.1007/JHEP01(2016)020},
	Eprint = {1503.01474},
	Journal = {JHEP},
	Pages = {020},
	Primaryclass = {hep-th},
	Slaccitation = {%%CITATION = ARXIV:1503.01474;%%},
	Title = {{Counting RG flows}},
	Volume = {01},
	Year = {2016},
	Bdsk-Url-1 = {http://dx.doi.org/10.1007/JHEP01(2016)020}}

@article{Argyres:2007tq,
	Archiveprefix = {arXiv},
	Author = {Argyres, Philip C. and Wittig, John R.},
	Date-Added = {2016-06-02 22:40:48 +0000},
	Date-Modified = {2016-06-02 22:40:48 +0000},
	Doi = {10.1088/1126-6708/2008/01/074},
	Eprint = {0712.2028},
	Journal = {JHEP},
	Pages = {074},
	Primaryclass = {hep-th},
	Slaccitation = {%%CITATION = ARXIV:0712.2028;%%},
	Title = {{Infinite coupling duals of N=2 gauge theories and new rank 1 superconformal field theories}},
	Volume = {01},
	Year = {2008},
	Bdsk-Url-1 = {http://dx.doi.org/10.1088/1126-6708/2008/01/074}}

@article{Argyres:2007cn,
	Archiveprefix = {arXiv},
	Author = {Argyres, Philip C. and Seiberg, Nathan},
	Date-Added = {2016-06-02 22:35:39 +0000},
	Date-Modified = {2016-06-02 22:35:39 +0000},
	Doi = {10.1088/1126-6708/2007/12/088},
	Eprint = {0711.0054},
	Journal = {JHEP},
	Pages = {088},
	Primaryclass = {hep-th},
	Slaccitation = {%%CITATION = ARXIV:0711.0054;%%},
	Title = {{S-duality in N=2 supersymmetric gauge theories}},
	Volume = {12},
	Year = {2007},
	Bdsk-Url-1 = {http://dx.doi.org/10.1088/1126-6708/2007/12/088}}

@article{Aharony:2007dj,
	Archiveprefix = {arXiv},
	Author = {Aharony, Ofer and Tachikawa, Yuji},
	Date-Added = {2016-06-02 22:31:58 +0000},
	Date-Modified = {2016-06-02 22:31:58 +0000},
	Doi = {10.1088/1126-6708/2008/01/037},
	Eprint = {0711.4532},
	Journal = {JHEP},
	Pages = {037},
	Primaryclass = {hep-th},
	Reportnumber = {WIS-20-07-NOV-DPP},
	Slaccitation = {%%CITATION = ARXIV:0711.4532;%%},
	Title = {{A Holographic computation of the central charges of d=4, N=2 SCFTs}},
	Volume = {01},
	Year = {2008},
	Bdsk-Url-1 = {http://dx.doi.org/10.1088/1126-6708/2008/01/037}}

@article{Buican:2016hnq,
	Archiveprefix = {arXiv},
	Author = {Buican, Matthew and Nishinaka, Takahiro},
	Date-Added = {2016-06-01 23:45:07 +0000},
	Date-Modified = {2016-06-01 23:45:07 +0000},
	Eprint = {1602.05545},
	Primaryclass = {hep-th},
	Reportnumber = {YITP-15-123, EFI-16-02},
	Slaccitation = {%%CITATION = ARXIV:1602.05545;%%},
	Title = {{A Small Deformation of a Simple Theory}},
	Year = {2016}}

@article{panyushev2009dynkin,
	Author = {Panyushev, Dmitri I},
	Date-Added = {2016-06-01 22:17:11 +0000},
	Date-Modified = {2016-06-01 22:18:12 +0000},
	Journal = {arXiv preprint arXiv:0903.0398},
	Title = {On the Dynkin index of a principal $\mathfrak{sl}_2 $-subalgebra},
	Year = {2009}}

@article{Minahan:1996cj,
	Archiveprefix = {arXiv},
	Author = {Minahan, Joseph A. and Nemeschansky, Dennis},
	Date-Added = {2016-06-01 20:56:04 +0000},
	Date-Modified = {2016-06-01 20:56:04 +0000},
	Doi = {10.1016/S0550-3213(97)00039-4},
	Eprint = {hep-th/9610076},
	Journal = {Nucl. Phys.},
	Pages = {24-46},
	Primaryclass = {hep-th},
	Reportnumber = {USC-96-23},
	Slaccitation = {%%CITATION = HEP-TH/9610076;%%},
	Title = {{Superconformal fixed points with E(n) global symmetry}},
	Volume = {B489},
	Year = {1997},
	Bdsk-Url-1 = {http://dx.doi.org/10.1016/S0550-3213(97)00039-4}}

@article{Minahan:1996fg,
	Archiveprefix = {arXiv},
	Author = {Minahan, Joseph A. and Nemeschansky, Dennis},
	Date-Added = {2016-06-01 20:56:02 +0000},
	Date-Modified = {2016-06-01 20:56:02 +0000},
	Doi = {10.1016/S0550-3213(96)00552-4},
	Eprint = {hep-th/9608047},
	Journal = {Nucl. Phys.},
	Pages = {142-152},
	Primaryclass = {hep-th},
	Reportnumber = {USC-96-18},
	Slaccitation = {%%CITATION = HEP-TH/9608047;%%},
	Title = {{An N=2 superconformal fixed point with E(6) global symmetry}},
	Volume = {B482},
	Year = {1996},
	Bdsk-Url-1 = {http://dx.doi.org/10.1016/S0550-3213(96)00552-4}}

@article{Xie:2015rpa,
	Archiveprefix = {arXiv},
	Author = {Xie, Dan and Yau, Shing-Tung},
	Date-Added = {2016-04-20 21:03:41 +0000},
	Date-Modified = {2016-04-20 21:03:41 +0000},
	Eprint = {1510.01324},
	Primaryclass = {hep-th},
	Slaccitation = {%%CITATION = ARXIV:1510.01324;%%},
	Title = {{4d N=2 SCFT and singularity theory Part I: Classification}},
	Year = {2015}}

@article{Xie:2016hny,
	Archiveprefix = {arXiv},
	Author = {Xie, Dan and Yonekura, Kazuya},
	Date-Added = {2016-04-20 21:03:35 +0000},
	Date-Modified = {2016-04-20 21:03:35 +0000},
	Eprint = {1602.04817},
	Primaryclass = {hep-th},
	Slaccitation = {%%CITATION = ARXIV:1602.04817;%%},
	Title = {{A search for minimal 4d N=1 SCFT}},
	Year = {2016}}

@article{Maruyoshi:2013hja,
	Archiveprefix = {arXiv},
	Author = {Maruyoshi, Kazunobu and Tachikawa, Yuji and Yan, Wenbin and Yonekura, Kazuya},
	Doi = {10.1007/JHEP10(2013)010},
	Eprint = {1305.5250},
	Journal = {JHEP},
	Pages = {010},
	Primaryclass = {hep-th},
	Reportnumber = {CALT-68-2936, IPMU-13-0099, UT-13-20},
	Slaccitation = {%%CITATION = ARXIV:1305.5250;%%},
	Title = {{N=1 dynamics with $T_N$ theory}},
	Volume = {10},
	Year = {2013},
	Bdsk-Url-1 = {http://dx.doi.org/10.1007/JHEP10(2013)010}}

@article{Xie:2016evu,
	Archiveprefix = {arXiv},
	Author = {Xie, Dan and Yan, Wenbin and Yau, Shing-Tung},
	Date-Added = {2016-04-20 21:03:35 +0000},
	Date-Modified = {2016-04-20 21:03:35 +0000},
	Eprint = {1604.02155},
	Primaryclass = {hep-th},
	Slaccitation = {%%CITATION = ARXIV:1604.02155;%%},
	Title = {{Chiral algebra of Argyres-Douglas theory from M5 brane}},
	Year = {2016}}

@article{Argyres:1995jj,
	Archiveprefix = {arXiv},
	Author = {Argyres, Philip C. and Douglas, Michael R.},
	Doi = {10.1016/0550-3213(95)00281-V},
	Eprint = {hep-th/9505062},
	Journal = {Nucl. Phys.},
	Pages = {93-126},
	Primaryclass = {hep-th},
	Reportnumber = {IASSNS-HEP-95-31, RU-95-28},
	Slaccitation = {%%CITATION = HEP-TH/9505062;%%},
	Title = {{New phenomena in SU(3) supersymmetric gauge theory}},
	Volume = {B448},
	Year = {1995},
	Bdsk-Url-1 = {http://dx.doi.org/10.1016/0550-3213(95)00281-V}}

@article{Shapere:2008un,
	Archiveprefix = {arXiv},
	Author = {Shapere, Alfred D. and Tachikawa, Yuji},
	Doi = {10.1088/1126-6708/2008/12/020},
	Eprint = {0809.3238},
	Journal = {JHEP},
	Pages = {020},
	Primaryclass = {hep-th},
	Slaccitation = {%%CITATION = ARXIV:0809.3238;%%},
	Title = {{A Counterexample to the 'a-theorem'}},
	Volume = {12},
	Year = {2008},
	Bdsk-Url-1 = {http://dx.doi.org/10.1088/1126-6708/2008/12/020}}

@article{Intriligator:2003jj,
	Archiveprefix = {arXiv},
	Author = {Intriligator, Kenneth A. and Wecht, Brian},
	Doi = {10.1016/S0550-3213(03)00459-0},
	Eprint = {hep-th/0304128},
	Journal = {Nucl. Phys.},
	Pages = {183-200},
	Primaryclass = {hep-th},
	Reportnumber = {UCSD-PTH-03-02},
	Slaccitation = {%%CITATION = HEP-TH/0304128;%%},
	Title = {{The Exact superconformal R symmetry maximizes a}},
	Volume = {B667},
	Year = {2003},
	Bdsk-Url-1 = {http://dx.doi.org/10.1016/S0550-3213(03)00459-0}}

@article{Agarwal:2015vla,
	Archiveprefix = {arXiv},
	Author = {Agarwal, Prarit and Intriligator, Kenneth and Song, Jaewon},
	Date-Added = {2016-02-16 20:06:32 +0000},
	Date-Modified = {2016-02-16 20:06:32 +0000},
	Doi = {10.1007/JHEP10(2015)035},
	Eprint = {1505.00255},
	Journal = {JHEP},
	Pages = {035},
	Primaryclass = {hep-th},
	Reportnumber = {UCSD-PTH-14-10},
	Slaccitation = {%%CITATION = ARXIV:1505.00255;%%},
	Title = {{Infinitely many $ \mathcal{N}=1 $ dualities from $m + 1 - m = 1$}},
	Volume = {10},
	Year = {2015},
	Bdsk-Url-1 = {http://dx.doi.org/10.1007/JHEP10(2015)035}}

@article{Song:2015wta,
	Archiveprefix = {arXiv},
	Author = {Song, Jaewon},
	Date-Added = {2016-02-16 20:06:31 +0000},
	Date-Modified = {2016-02-16 20:06:31 +0000},
	Doi = {10.1007/JHEP02(2016)045},
	Eprint = {1509.06730},
	Journal = {JHEP},
	Pages = {045},
	Primaryclass = {hep-th},
	Slaccitation = {%%CITATION = ARXIV:1509.06730;%%},
	Title = {{Superconformal indices of generalized Argyres-Douglas theories from 2d TQFT}},
	Volume = {02},
	Year = {2016},
	Bdsk-Url-1 = {http://dx.doi.org/10.1007/JHEP02(2016)045}}

@article{Cecotti:2015lab,
	Archiveprefix = {arXiv},
	Author = {Cecotti, Sergio and Song, Jaewon and Vafa, Cumrun and Yan, Wenbin},
	Date-Added = {2016-02-16 20:06:30 +0000},
	Date-Modified = {2016-02-16 20:06:30 +0000},
	Eprint = {1511.01516},
	Primaryclass = {hep-th},
	Slaccitation = {%%CITATION = ARXIV:1511.01516;%%},
	Title = {{Superconformal Index, BPS Monodromy and Chiral Algebras}},
	Year = {2015}}

@article{Shapere:2008zf,
	Archiveprefix = {arXiv},
	Author = {Shapere, Alfred D. and Tachikawa, Yuji},
	Date-Added = {2015-10-16 16:52:39 +0000},
	Date-Modified = {2015-10-16 16:52:39 +0000},
	Doi = {10.1088/1126-6708/2008/09/109},
	Eprint = {0804.1957},
	Journal = {JHEP},
	Pages = {109},
	Primaryclass = {hep-th},
	Slaccitation = {%%CITATION = ARXIV:0804.1957;%%},
	Title = {{Central charges of N=2 superconformal field theories in four dimensions}},
	Volume = {09},
	Year = {2008},
	Bdsk-Url-1 = {http://dx.doi.org/10.1088/1126-6708/2008/09/109}}

@article{Liendo:2015ofa,
	Archiveprefix = {arXiv},
	Author = {Liendo, Pedro and Ramirez, Israel and Seo, Jihye},
	Date-Added = {2015-10-15 23:30:13 +0000},
	Date-Modified = {2015-10-15 23:30:13 +0000},
	Eprint = {1509.00033},
	Primaryclass = {hep-th},
	Reportnumber = {HU-EP-15-39, DESY-15-164},
	Slaccitation = {%%CITATION = ARXIV:1509.00033;%%},
	Title = {{Stress-tensor OPE in N=2 Superconformal Theories}},
	Year = {2015}}

@article{Beem:2013sza,
	Archiveprefix = {arXiv},
	Author = {Beem, Christopher and Lemos, Madalena and Liendo, Pedro and Peelaers, Wolfger and Rastelli, Leonardo and van Rees, Balt C.},
	Date-Added = {2015-10-15 23:30:08 +0000},
	Date-Modified = {2015-10-15 23:30:08 +0000},
	Doi = {10.1007/s00220-014-2272-x},
	Eprint = {1312.5344},
	Journal = {Commun. Math. Phys.},
	Number = {3},
	Pages = {1359-1433},
	Primaryclass = {hep-th},
	Reportnumber = {YITP-SB-13-45, CERN-PH-TH-2013-311, HU-EP-13-78},
	Slaccitation = {%%CITATION = ARXIV:1312.5344;%%},
	Title = {{Infinite Chiral Symmetry in Four Dimensions}},
	Volume = {336},
	Year = {2015},
	Bdsk-Url-1 = {http://dx.doi.org/10.1007/s00220-014-2272-x}}

@article{Chacaltana:2010ks,
	Archiveprefix = {arXiv},
	Author = {Chacaltana, Oscar and Distler, Jacques},
	Doi = {10.1007/JHEP11(2010)099},
	Eprint = {1008.5203},
	Journal = {JHEP},
	Pages = {099},
	Primaryclass = {hep-th},
	Reportnumber = {UTTG-11-10, TCC-020-10},
	Slaccitation = {%%CITATION = ARXIV:1008.5203;%%},
	Title = {{Tinkertoys for Gaiotto Duality}},
	Volume = {11},
	Year = {2010},
	Bdsk-Url-1 = {http://dx.doi.org/10.1007/JHEP11(2010)099}}

@article{Argyres:2012fu,
	Archiveprefix = {arXiv},
	Author = {Argyres, Philip C. and Maruyoshi, Kazunobu and Tachikawa, Yuji},
	Date-Added = {2015-10-05 00:04:58 +0000},
	Date-Modified = {2015-10-05 00:04:58 +0000},
	Doi = {10.1007/JHEP10(2012)054},
	Eprint = {1206.4700},
	Journal = {JHEP},
	Pages = {054},
	Primaryclass = {hep-th},
	Reportnumber = {SISSA-17-2012-EP, IPMU-12-0128, UT-12-15, UCHEP-12-09},
	Slaccitation = {%%CITATION = ARXIV:1206.4700;%%},
	Title = {{Quantum Higgs branches of isolated N=2 superconformal field theories}},
	Volume = {10},
	Year = {2012},
	Bdsk-Url-1 = {http://dx.doi.org/10.1007/JHEP10(2012)054}}

@article{Lemos:2014lua,
	Archiveprefix = {arXiv},
	Author = {Lemos, Madalena and Peelaers, Wolfger},
	Date-Added = {2015-10-02 23:55:21 +0000},
	Date-Modified = {2015-10-02 23:55:21 +0000},
	Doi = {10.1007/JHEP02(2015)113},
	Eprint = {1411.3252},
	Journal = {JHEP},
	Pages = {113},
	Primaryclass = {hep-th},
	Reportnumber = {YITP-SB-14-41},
	Slaccitation = {%%CITATION = ARXIV:1411.3252;%%},
	Title = {{Chiral Algebras for Trinion Theories}},
	Volume = {02},
	Year = {2015},
	Bdsk-Url-1 = {http://dx.doi.org/10.1007/JHEP02(2015)113}}

@article{Wang:2015mra,
	Archiveprefix = {arXiv},
	Author = {Wang, Yifan and Xie, Dan},
	Date-Added = {2015-09-07 20:36:07 +0000},
	Date-Modified = {2015-09-07 20:36:07 +0000},
	Eprint = {1509.00847},
	Primaryclass = {hep-th},
	Reportnumber = {MIT-CTP-4711},
	Slaccitation = {%%CITATION = ARXIV:1509.00847;%%},
	Title = {{Classification of Argyres-Douglas theories from M5 branes}},
	Year = {2015}}

@article{Romelsberger:2005eg,
	Archiveprefix = {arXiv},
	Author = {Romelsberger, Christian},
	Date-Added = {2015-09-07 20:24:40 +0000},
	Date-Modified = {2015-09-07 20:24:40 +0000},
	Doi = {10.1016/j.nuclphysb.2006.03.037},
	Eprint = {hep-th/0510060},
	Journal = {Nucl. Phys.},
	Pages = {329-353},
	Primaryclass = {hep-th},
	Slaccitation = {%%CITATION = HEP-TH/0510060;%%},
	Title = {{Counting chiral primaries in N = 1, d=4 superconformal field theories}},
	Volume = {B747},
	Year = {2006},
	Bdsk-Url-1 = {http://dx.doi.org/10.1016/j.nuclphysb.2006.03.037}}

@article{Kinney:2005ej,
	Archiveprefix = {arXiv},
	Author = {Kinney, Justin and Maldacena, Juan Martin and Minwalla, Shiraz and Raju, Suvrat},
	Date-Added = {2015-09-07 20:24:15 +0000},
	Date-Modified = {2015-09-07 20:24:15 +0000},
	Doi = {10.1007/s00220-007-0258-7},
	Eprint = {hep-th/0510251},
	Journal = {Commun. Math. Phys.},
	Pages = {209-254},
	Primaryclass = {hep-th},
	Slaccitation = {%%CITATION = HEP-TH/0510251;%%},
	Title = {{An Index for 4 dimensional super conformal theories}},
	Volume = {275},
	Year = {2007},
	Bdsk-Url-1 = {http://dx.doi.org/10.1007/s00220-007-0258-7}}

@article{Argyres:1995xn,
	Archiveprefix = {arXiv},
	Author = {Argyres, Philip C. and Plesser, M. Ronen and Seiberg, Nathan and Witten, Edward},
	Date-Added = {2015-09-07 04:52:32 +0000},
	Date-Modified = {2015-09-07 04:52:32 +0000},
	Doi = {10.1016/0550-3213(95)00671-0},
	Eprint = {hep-th/9511154},
	Journal = {Nucl. Phys.},
	Pages = {71-84},
	Primaryclass = {hep-th},
	Reportnumber = {RU-95-81, WIS-95-59-PH, IASSNS-HEP-95-95},
	Slaccitation = {%%CITATION = HEP-TH/9511154;%%},
	Title = {{New N=2 superconformal field theories in four-dimensions}},
	Volume = {B461},
	Year = {1996},
	Bdsk-Url-1 = {http://dx.doi.org/10.1016/0550-3213(95)00671-0}}

@article{Bonelli:2011aa,
	Archiveprefix = {arXiv},
	Author = {Bonelli, Giulio and Maruyoshi, Kazunobu and Tanzini, Alessandro},
	Date-Added = {2015-07-07 06:01:11 +0000},
	Date-Modified = {2015-07-07 06:01:11 +0000},
	Doi = {10.1007/JHEP02(2012)031},
	Eprint = {1112.1691},
	Journal = {JHEP},
	Pages = {031},
	Primaryclass = {hep-th},
	Reportnumber = {SISSA-65-2011-EP-FM},
	Slaccitation = {%%CITATION = ARXIV:1112.1691;%%},
	Title = {{Wild Quiver Gauge Theories}},
	Volume = {1202},
	Year = {2012},
	Bdsk-Url-1 = {http://dx.doi.org/10.1007/JHEP02(2012)031}}

@article{Gaiotto:2009we,
	Archiveprefix = {arXiv},
	Author = {Gaiotto, Davide},
	Date-Added = {2015-06-15 02:46:44 +0000},
	Date-Modified = {2015-06-15 02:46:44 +0000},
	Doi = {10.1007/JHEP08(2012)034},
	Eprint = {0904.2715},
	Journal = {JHEP},
	Pages = {034},
	Primaryclass = {hep-th},
	Slaccitation = {%%CITATION = ARXIV:0904.2715;%%},
	Title = {{N=2 dualities}},
	Volume = {1208},
	Year = {2012},
	Bdsk-Url-1 = {http://dx.doi.org/10.1007/JHEP08(2012)034}}

@article{Heckman:2010qv,
	Archiveprefix = {arXiv},
	Author = {Heckman, Jonathan J. and Tachikawa, Yuji and Vafa, Cumrun and Wecht, Brian},
	Doi = {10.1007/JHEP11(2010)132},
	Eprint = {1009.0017},
	Journal = {JHEP},
	Pages = {132},
	Primaryclass = {hep-th},
	Slaccitation = {%%CITATION = ARXIV:1009.0017;%%},
	Title = {{N = 1 SCFTs from Brane Monodromy}},
	Volume = {11},
	Year = {2010},
	Bdsk-Url-1 = {http://dx.doi.org/10.1007/JHEP11(2010)132}}

@article{Anselmi:1997am,
	Archiveprefix = {arXiv},
	Author = {Anselmi, D. and Freedman, D. Z. and Grisaru, Marcus T. and Johansen, A. A.},
	Doi = {10.1016/S0550-3213(98)00278-8},
	Eprint = {hep-th/9708042},
	Journal = {Nucl. Phys.},
	Pages = {543-571},
	Primaryclass = {hep-th},
	Reportnumber = {BRX-TH-420, CPTH-S-553-0897, HUTP-97-A037, MIT-CTP-2666},
	Slaccitation = {%%CITATION = HEP-TH/9708042;%%},
	Title = {{Nonperturbative formulas for central functions of supersymmetric gauge theories}},
	Volume = {B526},
	Year = {1998},
	Bdsk-Url-1 = {http://dx.doi.org/10.1016/S0550-3213(98)00278-8}}

@article{Agarwal:2013uga,
	Archiveprefix = {arXiv},
	Author = {Agarwal, Prarit and Song, Jaewon},
	Date-Added = {2015-06-10 05:26:51 +0000},
	Date-Modified = {2015-06-10 05:26:51 +0000},
	Doi = {10.1007/JHEP03(2014)133},
	Eprint = {1311.2945},
	Journal = {JHEP},
	Pages = {133},
	Primaryclass = {hep-th},
	Reportnumber = {UCSD-PTH-13-13},
	Slaccitation = {%%CITATION = ARXIV:1311.2945;%%},
	Title = {{New N=1 Dualities from M5-branes and Outer-automorphism Twists}},
	Volume = {1403},
	Year = {2014},
	Bdsk-Url-1 = {http://dx.doi.org/10.1007/JHEP03(2014)133}}

@article{Gadde:2013fma,
	Archiveprefix = {arXiv},
	Author = {Gadde, Abhijit and Maruyoshi, Kazunobu and Tachikawa, Yuji and Yan, Wenbin},
	Date-Added = {2015-06-10 01:31:22 +0000},
	Date-Modified = {2015-06-10 01:31:22 +0000},
	Doi = {10.1007/JHEP06(2013)056},
	Eprint = {1303.0836},
	Journal = {JHEP},
	Pages = {056},
	Primaryclass = {hep-th},
	Slaccitation = {%%CITATION = ARXIV:1303.0836;%%},
	Title = {{New N=1 Dualities}},
	Volume = {1306},
	Year = {2013},
	Bdsk-Url-1 = {http://dx.doi.org/10.1007/JHEP06(2013)056}}

@article{Bah:2012dg,
	Archiveprefix = {arXiv},
	Author = {Bah, Ibrahima and Beem, Christopher and Bobev, Nikolay and Wecht, Brian},
	Date-Added = {2015-06-10 01:30:46 +0000},
	Date-Modified = {2015-06-10 01:30:46 +0000},
	Doi = {10.1007/JHEP06(2012)005},
	Eprint = {1203.0303},
	Journal = {JHEP},
	Pages = {005},
	Primaryclass = {hep-th},
	Reportnumber = {MCTP-12-05, QMUL-PH-12-05},
	Slaccitation = {%%CITATION = ARXIV:1203.0303;%%},
	Title = {{Four-Dimensional SCFTs from M5-Branes}},
	Volume = {1206},
	Year = {2012},
	Bdsk-Url-1 = {http://dx.doi.org/10.1007/JHEP06(2012)005}}

@article{Beem:2012yn,
	Archiveprefix = {arXiv},
	Author = {Beem, Christopher and Gadde, Abhijit},
	Date-Added = {2015-06-10 01:30:43 +0000},
	Date-Modified = {2015-06-10 01:30:43 +0000},
	Doi = {10.1007/JHEP04(2014)036},
	Eprint = {1212.1467},
	Journal = {JHEP},
	Pages = {036},
	Primaryclass = {hep-th},
	Slaccitation = {%%CITATION = ARXIV:1212.1467;%%},
	Title = {{The $N=1$ superconformal index for class $S$ fixed points}},
	Volume = {1404},
	Year = {2014},
	Bdsk-Url-1 = {http://dx.doi.org/10.1007/JHEP04(2014)036}}

@article{Beem:2014zpa,
	Archiveprefix = {arXiv},
	Author = {Beem, Christopher and Lemos, Madalena and Liendo, Pedro and Rastelli, Leonardo and van Rees, Balt C.},
	Date-Added = {2015-06-10 01:30:40 +0000},
	Date-Modified = {2015-06-10 01:30:40 +0000},
	Eprint = {1412.7541},
	Primaryclass = {hep-th},
	Reportnumber = {YITP-SB-14-54, CERN-PH-TH-2014-269, HU-EP-14-61},
	Slaccitation = {%%CITATION = ARXIV:1412.7541;%%},
	Title = {{The ${\mathcal N}=2$ superconformal bootstrap}},
	Year = {2014}}

@article{Beem:2014rza,
	Archiveprefix = {arXiv},
	Author = {Beem, Christopher and Peelaers, Wolfger and Rastelli, Leonardo and van Rees, Balt C.},
	Date-Added = {2015-06-10 01:30:38 +0000},
	Date-Modified = {2015-06-10 01:30:38 +0000},
	Doi = {10.1007/JHEP05(2015)020},
	Eprint = {1408.6522},
	Journal = {JHEP},
	Pages = {020},
	Primaryclass = {hep-th},
	Reportnumber = {YITP-SB-14-30, CERN-PH-TH-2014-165},
	Slaccitation = {%%CITATION = ARXIV:1408.6522;%%},
	Title = {{Chiral algebras of class S}},
	Volume = {1505},
	Year = {2015},
	Bdsk-Url-1 = {http://dx.doi.org/10.1007/JHEP05(2015)020}}

@article{Gaiotto:2012xa,
	Archiveprefix = {arXiv},
	Author = {Gaiotto, Davide and Rastelli, Leonardo and Razamat, Shlomo S.},
	Date-Added = {2015-06-10 01:29:05 +0000},
	Date-Modified = {2015-06-10 01:29:05 +0000},
	Doi = {10.1007/JHEP01(2013)022},
	Eprint = {1207.3577},
	Journal = {JHEP},
	Pages = {022},
	Primaryclass = {hep-th},
	Slaccitation = {%%CITATION = ARXIV:1207.3577;%%},
	Title = {{Bootstrapping the superconformal index with surface defects}},
	Volume = {1301},
	Year = {2013},
	Bdsk-Url-1 = {http://dx.doi.org/10.1007/JHEP01(2013)022}}

@article{Rastelli:2014jja,
	Archiveprefix = {arXiv},
	Author = {Rastelli, Leonardo and Razamat, Shlomo S.},
	Date-Added = {2015-06-10 01:29:04 +0000},
	Date-Modified = {2015-06-10 01:29:04 +0000},
	Eprint = {1412.7131},
	Primaryclass = {hep-th},
	Slaccitation = {%%CITATION = ARXIV:1412.7131;%%},
	Title = {{The superconformal index of theories of class $\cal S$}},
	Year = {2014}}

@article{Gadde:2009kb,
	Archiveprefix = {arXiv},
	Author = {Gadde, Abhijit and Pomoni, Elli and Rastelli, Leonardo and Razamat, Shlomo S.},
	Date-Added = {2015-06-10 01:28:43 +0000},
	Date-Modified = {2015-06-10 01:28:43 +0000},
	Doi = {10.1007/JHEP03(2010)032},
	Eprint = {0910.2225},
	Journal = {JHEP},
	Pages = {032},
	Primaryclass = {hep-th},
	Reportnumber = {YITP-SB-09-30},
	Slaccitation = {%%CITATION = ARXIV:0910.2225;%%},
	Title = {{S-duality and 2d Topological QFT}},
	Volume = {1003},
	Year = {2010},
	Bdsk-Url-1 = {http://dx.doi.org/10.1007/JHEP03(2010)032}}

@article{Gadde:2010en,
	Archiveprefix = {arXiv},
	Author = {Gadde, Abhijit and Rastelli, Leonardo and Razamat, Shlomo S. and Yan, Wenbin},
	Date-Added = {2015-06-10 01:28:39 +0000},
	Date-Modified = {2015-06-10 01:28:39 +0000},
	Doi = {10.1007/JHEP03(2011)041},
	Eprint = {1011.5278},
	Journal = {JHEP},
	Pages = {041},
	Primaryclass = {hep-th},
	Reportnumber = {YITP-SB-10-38},
	Slaccitation = {%%CITATION = ARXIV:1011.5278;%%},
	Title = {{On the Superconformal Index of N=1 IR Fixed Points: A Holographic Check}},
	Volume = {1103},
	Year = {2011},
	Bdsk-Url-1 = {http://dx.doi.org/10.1007/JHEP03(2011)041}}

@article{Gadde:2011uv,
	Archiveprefix = {arXiv},
	Author = {Gadde, Abhijit and Rastelli, Leonardo and Razamat, Shlomo S. and Yan, Wenbin},
	Date-Added = {2015-06-10 01:28:34 +0000},
	Date-Modified = {2015-06-10 01:28:34 +0000},
	Doi = {10.1007/s00220-012-1607-8},
	Eprint = {1110.3740},
	Journal = {Commun.Math.Phys.},
	Pages = {147-193},
	Primaryclass = {hep-th},
	Reportnumber = {YITP-SB-11-30},
	Slaccitation = {%%CITATION = ARXIV:1110.3740;%%},
	Title = {{Gauge Theories and Macdonald Polynomials}},
	Volume = {319},
	Year = {2013},
	Bdsk-Url-1 = {http://dx.doi.org/10.1007/s00220-012-1607-8}}

@article{Xie:2012hs,
	Archiveprefix = {arXiv},
	Author = {Xie, Dan},
	Doi = {10.1007/JHEP01(2013)100},
	Eprint = {1204.2270},
	Journal = {JHEP},
	Pages = {100},
	Primaryclass = {hep-th},
	Slaccitation = {%%CITATION = ARXIV:1204.2270;%%},
	Title = {{General Argyres-Douglas Theory}},
	Volume = {1301},
	Year = {2013},
	Bdsk-Url-1 = {http://dx.doi.org/10.1007/JHEP01(2013)100}}

@article{DelZotto:2014kka,
	Archiveprefix = {arXiv},
	Author = {Del Zotto, Michele and Hanany, Amihay},
	Eprint = {1403.6523},
	Primaryclass = {hep-th},
	Slaccitation = {%%CITATION = ARXIV:1403.6523;%%},
	Title = {{Complete Graphs, Hilbert Series, and the Higgs branch of the 4d N=2 $(A_n,A_m)$ SCFT's}},
	Year = {2014}}

@article{Dolan:2002zh,
	Archiveprefix = {arXiv},
	Author = {Dolan, F.A. and Osborn, H.},
	Doi = {10.1016/S0003-4916(03)00074-5},
	Eprint = {hep-th/0209056},
	Journal = {Annals Phys.},
	Pages = {41-89},
	Primaryclass = {hep-th},
	Reportnumber = {DAMTP-02-114},
	Slaccitation = {%%CITATION = HEP-TH/0209056;%%},
	Title = {{On short and semi-short representations for four-dimensional superconformal symmetry}},
	Volume = {307},
	Year = {2003},
	Bdsk-Url-1 = {http://dx.doi.org/10.1016/S0003-4916(03)00074-5}}
